2410 3257
286 251 309 273 x
1001 254 1046 277 PR
1052 240 1223 278 AFFATIO.

431 351 467 385 ln
510 350 563 385 his
602 350 790 386 codicibus
830 352 966 398 duplex
1005 352 1206 399 scripturae
1245 366 1363 400 genus
1403 355 1576 394 occurrit;
1618 356 1653 392 id
1693 358 1794 404 quod
1832 358 1936 394 facile

283 423 495 469 explicatur,
535 436 617 458 curn
656 424 736 470 ipso
775 425 924 460 saeculo
964 433 1071 460 sexto
1110 426 1168 461 vel
1208 426 1333 472 quinto
1373 435 1531 463 exeunte
1571 428 1601 474 (i.
1630 442 1660 465 e.
1699 431 1812 467 multo
1850 441 1936 479 post

283 496 496 543 Hieronymi
530 504 699 539 mortem,
736 499 803 533 sed
837 499 923 533 dum
959 511 1074 545 opera
1109 499 1185 534 eius
1216 500 1423 535 lectitantur
1449 509 1486 537 et
1512 503 1641 538 sedulo
1669 504 1936 551 describuntur)

285 569 426 605 litterae
462 570 508 604 ad
538 569 650 605 libros
678 570 900 606 Christianos
927 571 1192 607 describendos
1220 581 1431 620 assumptae
1458 575 1527 610 sint
1557 576 1810 613 semiunciales
1838 587 1874 614 et
1901 579 1934 614 in

282 642 472 677 uncialium
506 643 626 678 locum
661 651 820 690 coeptae
851 644 1028 679 substitui.
1056 645 1138 691 Ipse
1166 645 1412 692 Hieronymus
1438 648 1497 682 vel
1523 648 1644 694 potius
1671 650 1859 697 antiquarii
1886 654 1933 687 ab

284 727 330 750 eo
366 716 537 750 conducti
572 728 643 751 non
679 723 736 751 est
766 717 915 751 dubium
943 718 1028 764 quin
1055 718 1184 753 unciali
1209 718 1424 761 litteratura,
1454 733 1549 767 quae
1577 734 1598 756 a
1626 730 1757 769 quarto
1784 726 1933 760 saeculo

283 787 585 834 frequentabatur
619 796 656 824 et
689 802 776 824 mox
805 790 904 825 facta
930 798 1008 826 erat
1035 804 1122 827 vere
1150 792 1415 835 ecclesiastica,
1443 794 1620 830 hactenus
1647 796 1716 831 sint
1743 797 1812 839 usi,
1840 806 1878 833 ut
1905 798 1934 833 si

282 861 368 907 quid
403 868 502 896 esset
537 861 848 908 distinguendum,
885 864 933 898 ad
967 863 1116 910 pristina
1143 857 1341 911 alphabeta
1367 866 1618 914 confugerent.
1647 870 1754 904 Velut
1781 869 1814 905 in
1840 871 1932 906 libro

281 934 422 976 Esther,
458 947 539 970 cum
574 934 729 981 scriptor
763 935 935 971 historiae
970 944 1135 972 tenorem
1165 937 1422 985 interruperat,
1451 948 1513 975 aut
1539 949 1667 976 contra
1693 942 1930 986 Iovinianum‚

279 1006 340 1041 ubi
374 1006 566 1042 induxerat
600 1007 809 1054 loquentem
845 1010 1104 1045 adversarium.
1140 1011 1282 1055 Quibus
1316 1013 1406 1048 locis
1436 1026 1533 1049 nono
1561 1016 1711 1051 saeculo
1738 1016 1869 1051 librarii
1895 1025 1932 1052 et

279 1080 513 1115 Turonenses
532 1081 630 1116 multi
653 1081 699 1120 (in
722 1082 813 1117 libro
835 1082 979 1129 Esther)
1002 1091 1039 1118 et
1062 1084 1185 1127 unus')
1207 1085 1463 1121 Ambianensis
1478 1086 1670 1131 (adversus
1685 1089 1929 1136 Iovinianum),

279 1154 380 1200 quod
407 1154 659 1190 semiunciales
685 1154 777 1190 inter
802 1155 1020 1191 minusculas
1046 1165 1109 1192 aut
1136 1158 1297 1193 cursivas
1323 1158 1416 1194 inter
1442 1160 1659 1196 minusculas
1686 1162 1745 1197 vel
1770 1163 1930 1198 unciales

278 1235 494 1273 posuerunt,
531 1227 564 1262 in
598 1229 806 1276 archetypis
837 1229 919 1264 mihi
946 1229 1115 1265 videntur
1142 1239 1205 1266 aut
1230 1231 1391 1268 unciales
1417 1233 1634 1279 grandiores
1661 1235 1842 1272 invenisse
1869 1244 1931 1272 aut

279 1300 472 1346 capitales;
502 1302 603 1347 quod
629 1301 725 1337 idem
752 1302 886 1337 factum
914 1310 970 1338 est
996 1303 1028 1338 in
1057 1304 1255 1340 Chronicis.

424 1375 587 1409 Rubrum
608 1375 785 1417 colorem,
802 1383 839 1410 ut
854 1384 891 1411 et
904 1377 974 1411 hoc
990 1376 1021 1411 in
1038 1385 1245 1413 transcursu
1260 1379 1410 1421 addam,
1426 1379 1504 1426 ipse
1519 1380 1765 1428 Hieronymus
1780 1384 1928 1418 amabat

281 1447 483 1494 scribisque
510 1457 754 1494 praeceperat
779 1448 811 1483 in
838 1449 1066 1495 praefatione
1093 1458 1130 1485 et
1157 1451 1441 1497 Euangeliorum
1457 1454 1485 1496 ⁵2)
1513 1461 1549 1488 et
1576 1454 1838 1490 Chronicorum
1851 1455 1886 1501 3).

419 1521 488 1556 Hic
527 1534 681 1557 necesse
721 1529 820 1557 esset
857 1523 1067 1558 subsistere.
1107 1524 1201 1558 Nam
1242 1525 1311 1560 alia
1350 1534 1580 1572 argumenta,
1618 1528 1748 1574 quibus
1783 1536 1926 1575 tempus

274 1593 464 1628 definiatur
498 1594 717 1636 accuratius,
754 1595 787 1629 in
821 1595 1041 1631 Floriacensi
1078 1597 1224 1643 quidem
1258 1598 1349 1633 libro
1377 1599 1556 1635 deficiunt.
1584 1600 1634 1635 At
1660 1613 1855 1647 possumus
1881 1614 1927 1637 ea

273 1679 320 1703 ex
350 1668 552 1703 Bodleiano
580 1681 780 1710 assumere,
810 1669 869 1715 qui
897 1677 934 1705 et
959 1670 1180 1705 Floriacensi
1208 1679 1264 1706 est
1290 1672 1468 1718 scriptura
1495 1673 1689 1709 simillimus
1716 1682 1753 1709 et
1778 1675 1927 1721 pronior

273 1741 519 1787 disquisitioni.

419 1814 549 1850 Codex
582 1828 675 1850 nunc
711 1814 843 1850 Oxonii
871 1815 903 1851 in
931 1817 1154 1853 bibliotheca
1180 1819 1381 1854 Bodleiana
1408 1820 1528 1861 (Auct⁴
1556 1821 1586 1855 T
1616 1833 1649 1862 2,
1680 1821 1752 1867 26),
1780 1822 1863 1857 olim
1891 1822 1923 1857 in

274 1888 432 1935 collegio
468 1888 753 1924 Claromontano
788 1890 931 1925 Parisiis
947 1891 988 1931 4),
1025 1898 1198 1937 quattuor
1231 1892 1395 1938 partibus
1431 1901 1590 1934 constat,
1628 1907 1778 1941 quarum
1810 1896 1923 1942 prima

275 1960 460 2008 (quattuor
499 1962 756 2008 quaterniones
795 1975 816 1997 a
855 1976 962 1998 manu
1002 1964 1279 2010 Francogallica
1317 1966 1466 2001 saeculo
1506 1967 1575 2002 XV
1614 1967 1751 2014 scripti,
1792 1969 1922 2015 quibus

272 2035 532 2071 Chronicorum
559 2035 693 2070 initium
719 2037 921 2083 suppletur)
949 2045 986 2072 et
1013 2037 1135 2072 ultima
1162 2038 1387 2086 <Hieronymi
1414 2040 1636 2075 continuatio
1665 2053 1685 2075 a
1712 2041 1920 2077 Marcellino

273 2109 406 2144 comite
443 2109 556 2150 edita,
585 2108 617 2143 in
647 2109 718 2144 hoc
744 2109 836 2144 libro
862 2110 1024 2145 mutilata
1052 2118 1088 2145 et
1115 2110 1146 2145 in
1175 2124 1204 2145 a.
1234 2114 1302 2157 548
1330 2112 1468 2153 finiens,
1497 2113 1696 2148 uncialibus
1723 2114 1857 2160 scripta
1885 2123 1921 2150 et

392 2220 412 2252 ¹)
436 2220 517 2246 Nunc
546 2220 772 2254 Bambergensis
793 2220 853 2246 BV
881 2225 926 2255 13,
949 2229 1034 2254 quem
1057 2221 1102 2255 qui
1124 2221 1314 2248 bibliothecae
1339 2228 1469 2256 praeest,
1493 2223 1636 2250 Iohannes
1658 2224 1776 2250 Fischer
1796 2225 1918 2259 amicus,

270 2280 362 2306 nuper
383 2271 451 2298 mihi
473 2272 652 2298 monstravit.

390 2322 410 2354 2)
434 2323 632 2358 Hieronymus
664 2332 759 2358 papae
791 2324 936 2350 Damaso:
963 2326 1089 2359 singulis
1117 2334 1182 2351 vero
1203 2327 1361 2360 euangeliis
1380 2327 1416 2352 ab
1438 2336 1495 2353 nno
1517 2329 1652 2361 incipieus
1675 2337 1763 2363 usque
1784 2330 1811 2355 1⁴71
1824 2330 1917 2365 finem

271 2375 411 2401 librorum
433 2376 532 2409 dispar
552 2385 689 2402 numerus
707 2377 844 2402 increscit.
864 2376 909 2402 hic
928 2378 1014 2411 nigro
1032 2378 1124 2403 colore
1136 2377 1310 2411 perscriptus
1326 2378 1378 2404 sul)
1389 2387 1417 2404 se
1428 2378 1510 2405 habel
1520 2380 1609 2405 alium
1622 2389 1656 2405 m·
1667 2382 1757 2406 minio
1769 2390 1916 2407 munerum

271 2428 454 2459 discolorem,
485 2429 538 2461 qui
561 2428 601 2453 ad
620 2428 713 2454 (locem
736 2437 824 2462 usque
841 2429 998 2461 procedens
1019 2430 1140 2461 indicat,
1158 2431 1242 2463 prior
1262 2438 1396 2455 numerus
1418 2431 1446 2456 in
1468 2440 1525 2464 qno
1546 2433 1584 2457 sil
1602 2439 1709 2458 [anone
1730 2434 1917 2467 requirendus

268 2480 422 2513 ‹Patrolog
445 2480 491 2506 lat.
511 2481 556 2506 ed.
579 2480 674 2513 Migne
696 2480 795 2506 XXIX
818 2485 859 2514 52⁴
877 2484 893 2507 i.

388 2533 409 2565 ³¹)
432 2532 630 2566 Hieronymus
659 2532 810 2557 Vincentio
838 2537 865 2557 et
887 2531 1034 2559 Gallieno:
1059 2534 1132 2559 zmdae’
1148 2534 1394 2567 praemonendum
1412 2538 1490 2568 puto,
1513 2538 1543 2560 itt
1558 2538 1645 2568 prou!
1665 2544 1792 2570 quaeque
1812 2538 1915 2570 scripta

268 2587 345 2614 suni,
376 2585 459 2610 eliam
490 2585 614 2610 colorum
644 2584 803 2609 diversitate
830 2587 985 2615 servemur,
1019 2593 1052 2610 ne
1079 2587 1142 2620 (suis
1171 2586 1369 2611 inrationabili
1387 2588 1513 2612 assumet
1534 2588 1672 2620 voluptate
1693 2588 1783 2614 oculis
1804 2591 1914 2614 tantum

268 2645 326 2661 rem
356 2645 413 2662 esse
441 2637 598 2671 quaesitam
627 2639 661 2667 el,
684 2636 753 2662 (lum
774 2636 918 2662 scribendi
937 2637 1061 2662 laedium
1073 2638 1172 2672 sugit,
1195 2637 1388 2670 labyrinthum
1410 2640 1517 2664 erroris
1539 2640 1652 2665 intexat.
1676 2640 1707 2665 id
1726 2641 1801 2666 enim
1824 2641 1913 2667 elucu-

270 2688 379 2713 bratum
408 2691 458 2721 cst,
490 2697 546 2722 quo
575 2696 732 2722 regnorum
761 2689 898 2720 tramffcs,
928 2689 979 2722 qui
998 2692 1051 2722 per
1070 2690 1242 2715 vicinitatem
1265 2691 1386 2715 nimiam
1405 2694 1494 2723 paene
1516 2692 1600 2716 mitti
1619 2694 1712 2723 erant,
1735 2692 1913 2719 distinctione

267 2741 350 2765 minii
374 2743 576 2773 separarentur
602 2743 627 2766 es
653 2741 771 2766 emuiem
800 2741 903 2766 coloris
931 2741 1041 2771 locum)
1072 2749 1155 2774 quem
1176 2742 1260 2774 prior
1280 2741 1445 2767 membrana
1466 2743 1648 2777 signaverat,
1670 2745 1754 2769 etiam
1772 2746 1913 2777 posterior

266 2793 407 2825 scriptura
428 2795 553 2817 servaret
573 2792 628 2821 (ed.
651 2791 785 2818 Schoene
807 2800 873 2826 pag.
897 2797 921 2824 2,
946 2790 1001 2824 26).

386 2843 406 2870 l¹)
429 2843 470 2869 Cf.
492 2843 520 2869 F.
534 2843 652 2875 Madau,
666 2843 823 2877 Summary
835 2843 992 2877 Catalogue
1004 2843 1184 2869 0sWestern
1196 2843 1388 2878 Manuscripts
1399 2845 1425 2871 in
1438 2845 1486 2871 the
1499 2846 1636 2872 Bodleian
1649 2847 1779 2881 Library,
1793 2847 1831 2874 lV
1842 2853 1909 2882 441,
