2410 3257
279 231 334 253 XII
418 266 421 269 .
995 227 1218 251 PRAEFATIO.

279 337 316 364 at
340 329 546 375 exemplum
568 328 652 363 inde
674 341 772 363 nono
795 327 944 363 saeculo
967 326 1116 368 factum,
1141 326 1242 372 quod
1263 325 1406 360 unicum
1430 326 1477 360 ad
1500 338 1567 360 nos
1589 324 1764 371 pervenit.
1783 325 1932 361 Talibus

282 402 379 437 libris
426 402 719 437 adnumerandus
761 401 1008 447 Hieronymus
1045 398 1294 434 Floriacensis.
1332 398 1441 433 Venit
1483 411 1529 433 ex
1566 397 1679 440 Italia,
1719 397 1934 444 aequiperat

286 474 501 510 Sallustium.
536 475 759 521 Scripturam
795 481 831 509 et
868 473 947 520 ipse
985 480 1021 508 et
1055 471 1276 508 Bodleianus
1310 471 1360 506 ita
1393 461 1670 518 repraesentant
1695 470 1867 513 Italicam,
1895 479 1934 506 ut

286 548 478 584 Bernensis
514 556 550 583 et
575 547 865 583 Valentianensis
900 546 1133 581 Gallicanam.
1168 545 1326 580 Ubinam
1359 544 1393 579 in
1427 544 1527 579 Italia
1560 543 1683 590 scripti
1716 543 1798 585 sint,
1826 543 1932 579 nihilo

284 621 402 668 magis
440 621 586 663 scimus,
635 633 742 667 quam
787 621 935 667 quando
973 619 1158 666 pristinam
1197 619 1323 654 sedern
1366 617 1582 664 reliquerint.
1622 617 1693 662 Qui
1729 617 1932 653 Floriacum

287 702 421 741 postea
455 695 548 729 latus
584 702 653 736 est,
690 694 846 741 septimo
881 693 1030 729 saeculo
1065 692 1114 727 ibi
1148 704 1230 727 cum
1264 690 1469 737 descriptus
1496 698 1552 725 est
1577 691 1699 726 codex
1724 704 1817 727 nunc
1842 692 1934 727 Ber-

282 768 402 803 nensis
432 779 500 812 219
519 766 557 813 ¹),
585 768 745 803 nondum
772 767 916 802 videtur
946 766 1114 801 adfuisse.
1140 764 1282 807 Adfuit,
1309 772 1349 799 ut
1374 763 1542 805 vidimus,
1570 777 1678 799 nono.
1704 765 1797 799 Tum
1825 764 1933 799 etiam

284 841 511 877 monasteriis
537 840 660 876 vicinis
686 841 734 876 ad
761 840 1042 876 describendum
1073 838 1339 879 commodatur,
1366 845 1405 872 ut
1430 837 1633 873 Turonensi
1660 845 1696 872 et
1717 837 1934 874 Miciacensi.

426 915 503 951 Sed
549 923 745 961 antequam
788 914 992 960 descriptus
1032 920 1102 954 est,
1144 924 1166 947 a
1208 910 1447 958 grammatico
1492 911 1653 957 quodam
1696 924 1778 946 cum
1818 912 1932 947 altero

289 989 548 1025 Chronicorum
581 988 765 1034 exemplo,
803 988 903 1033 quod
937 999 1067 1022 novum
1102 986 1149 1020 ab
1185 997 1231 1020 eo
1266 992 1353 1019 nota
1384 983 1578 1019 Tironiana
1605 984 1877 1030 significabatur
1891 986 1932 1039 ²),

290 1062 442 1098 collatus
482 1069 538 1097 est
571 1061 764 1107 multisque
798 1060 887 1096 locis
921 1059 1021 1094 varia
1054 1058 1163 1094 lectio
1199 1057 1231 1093 ei
1266 1056 1437 1104 apposita
1450 1057 1493 1101 3);
1530 1057 1674 1103 qualem
1704 1057 1738 1092 in
1763 1057 1816 1093 his
1843 1058 1934 1093 foliis

288 1134 542 1181 superstitibus
568 1134 784 1181 reperimus:
813 1135 906 1179 Reg.
934 1145 994 1177 34,
1021 1132 1131 1167 Paris.
1165 1139 1208 1173 lv,
1237 1143 1269 1175 4,
1298 1133 1330 1173 6,
1360 1137 1398 1174 7v
1410 1130 1448 1176 4),
1476 1130 1594 1176 Lugd.
1626 1133 1702 1174 167,
1735 1133 1811 1173 168,
1840 1133 1932 1173 168V‚

293 1211 384 1253 169‘1.
420 1209 549 1243 Potest
583 1208 618 1242 id
652 1207 805 1242 Floriaci
839 1206 973 1242 factum
1008 1218 1106 1247 esse,
1142 1204 1203 1240 ubi
1229 1211 1318 1239 nota
1344 1211 1423 1239 erat
1448 1216 1506 1238 ars
1533 1203 1727 1238 Tironiana
1742 1203 1778 1247 5).
1805 1204 1934 1239 Potest

286 1282 394 1317 etiam
421 1281 555 1317 factum
583 1294 665 1316 esse
692 1280 899 1315 Turonibus
926 1280 998 1321 vel,
1026 1278 1057 1313 in
1085 1278 1252 1325 proxima
1277 1277 1431 1312 Floriaci
1457 1276 1656 1318 vicinitate,
1682 1276 1831 1312 Miciaci.

427 1355 490 1390 Ad
524 1354 683 1390 medium
716 1362 996 1399 extremumque
1027 1351 1172 1387 fluvium
1198 1350 1369 1397 Ligerem
1395 1350 1454 1385 vel
1479 1350 1576 1384 haud
1602 1350 1730 1396 procul
1756 1349 1839 1385 inde
1866 1349 1934 1385 sita

284 1428 505 1463 monasteria
539 1436 576 1463 et
606 1428 716 1463 sedes
751 1426 982 1473 episcopales
1017 1437 1112 1460 aevo
1143 1424 1319 1459 Karolino
1353 1423 1548 1458 litterarum
1585 1424 1743 1470 palmam
1769 1422 1933 1458 certatim

286 1502 450 1549 petiisse,
486 1501 577 1537 inter
610 1514 668 1536 res
702 1501 771 1535 iam
806 1512 925 1546 paene
957 1499 1172 1534 decantatas
1205 1498 1370 1532 habetur.
1405 1497 1577 1532 Dedecet
1610 1496 1837 1543 philologum
1863 1507 1933 1531 non

282 1575 439 1610 audiisse
465 1575 632 1610 Turones
657 1573 892 1609 Aurelianum
914 1572 1117 1608 Floriacum
1144 1570 1328 1606 Ferrarias
1351 1570 1518 1605 Senones
1541 1569 1836 1610 Altissiodorum‚
1861 1581 1932 1604 non

281 1661 391 1684 nosse
426 1648 602 1683 Alcvinos
627 1647 855 1682 Theodulsos
881 1647 1007 1692 Lupos
1033 1644 1216 1686 Heiricos,
1244 1644 1335 1679 inter
1361 1644 1491 1678 ductus
1517 1642 1714 1677 litterarum
1740 1642 1933 1676 Turonen-

282 1722 371 1757 sium
400 1729 436 1757 et
462 1720 775 1757 Aurelianensium
802 1719 942 1755 nescire
968 1718 1084 1765 primo
1113 1719 1243 1753 obtutu
1273 1717 1506 1763 distinguere.
1533 1716 1706 1751 Attamen
1733 1727 1804 1749 una
1830 1714 1932 1749 huius

286 1795 459 1830 historiae
493 1794 630 1841 pagina
664 1794 823 1829 nondum
859 1792 1062 1839 perscripta
1097 1798 1153 1826 est
1189 1798 1225 1825 et
1260 1802 1355 1836 quae
1389 1789 1444 1825 hic
1478 1789 1667 1836 plurimum
1695 1787 1932 1823 desideretur.

284 1870 391 1915 Lupo
417 1869 547 1904 Petrus
574 1867 851 1913 componendus
877 1873 947 1907 est,
974 1864 1165 1900 Miciacum
1192 1863 1369 1898 Floriaco.

428 1943 463 1977 ln
500 1941 614 1976 sancti
635 1939 822 1975 Maximini
848 1938 1070 1974 monasterio
1096 1937 1305 1973 Miciacensi
1330 1936 1496 1983 proxime
1521 1934 1755 1970 Aurelianum
1784 1941 1820 1969 et
1846 1934 1933 1969 Flo-

283 2015 417 2051 riacum
453 2014 574 2054 (hodie
610 2012 885 2048 Saint-Mesmin
921 2012 968 2047 de
1003 2011 1113 2058 Micy)
1147 2010 1223 2046 libri
1260 2010 1343 2045 olim
1373 2010 1432 2044 vel
1458 2008 1580 2055 scripti
1607 2008 1665 2043 vel
1692 2007 1869 2042 asservati
1896 2014 1932 2042 et

399 2200 417 2233 ¹)
446 2200 522 2226 Inter
550 2208 575 2226 a.
608 2197 666 2233 627
696 2202 723 2224 et
750 2207 775 2224 a.
803 2195 871 2233 699.
901 2197 943 2223 Cf.
971 2196 1192 2230 Zangemeister
1216 2200 1244 2222 et
1265 2195 1462 2222 VVattenbach
1483 2195 1519 2221 ad
1542 2193 1747 2228 Exemplorum
1770 2193 1827 2219 tab.
1850 2191 1929 2224 L1X;

292 2254 322 2279 B.
347 2253 474 2285 Krusch,
506 2251 711 2284 Forschungen
743 2258 793 2276 zur
825 2249 982 2276 deutschen
1014 2248 1187 2275 Geschichte
1215 2247 1297 2274 XXII
1323 2245 1421 2280 (1882)
1448 2244 1508 2281 489
1536 2250 1563 2272 et
1583 2246 1611 2272 in
1639 2246 1735 2272 Neues
1763 2245 1873 2272 Archiv
1903 2245 1929 2270 d.

285 2304 476 2332 Gesellschaft
492 2304 509 2330 f.
530 2304 637 2330 aeltere
655 2302 793 2329 deutsche
812 2301 1081 2328 Geschichtskunde
1100 2300 1139 2326 IX
1160 2298 1259 2334 (1884)
1282 2304 1344 2334 135,
1362 2299 1467 2325 ibidem
1484 2298 1656 2325 Guilelmum
1675 2298 1801 2324 Levison
1820 2297 1929 2323 XXVII

276 2359 374 2393 (1902)
395 2354 460 2392 362.

398 2408 418 2442 Δἶ)
448 2408 583 2435 Similiter
610 2407 709 2441 Lupus
737 2406 943 2438 Ferrariensis,
972 2405 994 2431 si
1022 2404 1137 2439 quidem
1166 2404 1188 2430 is
1214 2404 1275 2437 suit,
1298 2403 1346 2438 qui
1366 2403 1513 2429 Valerium
1536 2402 1692 2429 Maximum
1715 2410 1791 2427 nono
1813 2401 1929 2428 saeculo

283 2462 420 2496 scriptum
449 2462 533 2493 (nunc
562 2460 675 2486 Bernae
704 2468 730 2485 n.
761 2456 827 2493 300)
856 2467 919 2484 cum
948 2457 1006 2483 Iulii
1029 2456 1141 2483 Paridis
1163 2456 1261 2482 codice
1282 2455 1398 2490 antiquo
1420 2455 1547 2487 contulit,
1571 2455 1607 2481 ad
1630 2455 1720 2480 verba
1742 2462 1810 2480 arae
1830 2462 1930 2479 sacrae

283 2513 427 2545 <Valerius
456 2513 531 2539 Max.
554 2513 599 2538 ed.
621 2511 735 2545 Kempf
750 2516 817 2545 404,
842 2512 887 2543 20)
909 2509 1074 2536 adnotavit:
1094 2510 1135 2534 si'c
1157 2511 1356 2539 u<eluslus>,
1383 2515 1473 2533 novus
1496 2510 1586 2533 aulem
1609 2507 1717 2533 ‘sacrae
1737 2505 1828 2539 arae';
1852 2506 1885 2532 cs.
1909 2505 1927 2532 I.

285 2566 423 2597 Schnetz,
448 2565 498 2591 Ein
520 2564 647 2590 Kritiker
668 2564 720 2589 des
740 2563 804 2589 Val.
826 2562 911 2595 Max„
934 2562 1071 2594 Neuburg
1092 2570 1117 2587 a.
1140 2560 1175 2586 D.
1202 2565 1283 2595 1901,
1306 2568 1372 2594 pag.
1399 2557 1440 2586 16.

398 2618 419 2650 3)
442 2616 484 2643 Cf.
506 2616 538 2643 P.
561 2616 591 2642 C.
615 2616 800 2650 Molhuysen,
823 2614 932 2640 Archiv
955 2613 971 2639 f.
994 2612 1208 2646 Stenographie
1230 2612 1293 2638 LIV
1315 2613 1350 2643 (a.
1379 2613 1462 2647 1902)
1484 2620 1549 2646 pag.
1576 2609 1638 2637 168.

400 2670 419 2702 ¹)
442 2669 505 2695 Hoc
527 2669 589 2694 loco
611 2677 667 2694 non
687 2676 764 2693 novo
786 2676 839 2693 suo
861 2675 930 2692 usus
952 2670 1008 2697 est,
1031 2665 1083 2691 sed
1104 2669 1215 2690 tantum
1237 2664 1388 2690 lectionem
1411 2672 1427 2690 a
1450 2669 1553 2690 vetere
1571 2668 1734 2689 correctore
1752 2663 1778 2688 in
1798 2662 1928 2696 margine

280 2721 403 2755 positam
425 2721 498 2747 inter
518 2720 598 2754 ipsos
619 2728 721 2746 versus
742 2718 885 2753 repetivit.

396 2773 417 2806 ·’·)
439 2773 481 2799 Cs.
506 2772 668 2805 Chatelain,
688 2770 881 2797 Introduction
900 2772 917 2795 a
935 2770 961 2795 la
979 2769 1086 2795 lecture
1105 2769 1158 2794 des
1175 2772 1259 2794 notes
1276 2767 1466 2802 tironiennes,
1486 2767 1602 2794 Parisiis
1620 2776 1645 2793 a.
1668 2771 1752 2803 1900,
1771 2774 1836 2801 pag.
1860 2763 1926 2798 1265

278 2826 367 2858 idem,
392 2825 494 2851 Revue
516 2825 551 2850 de
573 2823 726 2858 philologie
748 2822 845 2849 XXVI
866 2824 901 2854 (a.
929 2822 1012 2857 1902)
1033 2829 1100 2855 pag.
1124 2826 1169 2856 39.
