2369 3277
295 227 349 251 XX
1016 229 1238 253 PRAEFATIO.

294 327 451 362 adscribi
489 327 650 369 iussisse,
689 327 852 374 sequitur
893 335 929 362 ut
967 328 1201 362 Turonenses
1240 335 1325 373 post
1359 328 1599 364 Miciacenses
1633 328 1667 363 in
1703 341 1807 364 usum
1846 342 1949 365 suum

294 399 547 434 converterint.
584 399 764 435 Convenit
798 400 921 442 etiam,
958 408 996 435 ut
1029 400 1116 441 dixi,
1153 400 1341 447 scriptura.
1377 401 1501 436 Medio
1536 402 1644 448 igitur
1677 403 1826 438 saeculo
1853 416 1950 439 nono

294 473 408 508 sancti
442 472 584 507 Martini
612 473 670 508 vel
703 473 851 508 Maioris
878 473 1088 509 Monasterii
1116 473 1244 509 fratres
1271 473 1535 521 Hieronymum
1562 482 1745 510 vetustum
1774 488 1795 510 a
1822 483 1950 512 sancto

294 545 495 580 Benedicto
523 545 743 581 Floriacensi
766 546 814 587 ita
837 546 1004 581 videntur
1030 547 1181 581 mutuati
1205 560 1302 589 esse,
1327 554 1366 582 ut
1387 547 1498 593 paulo
1521 547 1619 593 prius
1643 560 1664 582 a
1686 556 1814 583 sancto
1838 549 1949 584 Petro

294 618 507 653 Corbeiensi
534 618 673 653 Livium
700 619 899 654 uncialibus
926 619 1099 665 scriptum
1126 627 1163 654 et
1188 621 1256 655 sub
1285 619 1382 655 idem
1404 627 1548 666 tempus
1572 632 1593 655 a
1615 628 1743 656 sancto
1766 621 1947 657 Bonifatio

294 690 463 726 Fuldensi
497 690 661 726 Suetonii
687 699 809 727 tomos
844 693 938 727 duos
973 692 1073 739 ipsos
1109 705 1257 739 quoque
1286 693 1563 740 antiquissimos.
1591 694 1726 729 Verum
1756 694 1849 729 haec
1876 694 1946 730 alio

291 764 375 798 loco
395 776 605 810 persequar,
627 764 688 799 ubi
707 764 811 799 simul
830 778 911 800 cum
925 765 1103 812 scriptura
1118 765 1337 801 semiunciali
1352 767 1500 802 scholae
1515 766 1737 802 Turonensis
1752 766 1948 814 singularia

293 836 420 871 merita
447 850 639 883 exponam.

438 910 598 954 Quilibet
620 918 725 946 vetus
749 912 883 954 codeX,
909 912 969 947 ubi
992 912 1144 959 primum
1167 926 1288 949 novos
1310 913 1521 960 progenuit,
1546 913 1621 948 fato
1644 913 1788 948 videtur
1806 914 1948 949 functus

292 995 383 1018 esse.
420 983 674 1026 Floriacensis,
710 984 810 1020 cuius
846 985 1071 1032 propagines
1106 989 1201 1021 nacti
1241 999 1365 1021 sumus
1400 987 1491 1021 duas
1526 999 1594 1021 nec
1629 994 1719 1032 quot
1753 986 1950 1021 interierint

291 1056 362 1091 ullo
397 1057 506 1091 modo
543 1070 736 1103 possumus
773 1058 957 1097 conicere,
995 1067 1179 1105 tamquam
1218 1068 1406 1106 superstes
1433 1060 1500 1095 sibi
1527 1060 1633 1094 durat
1660 1067 1855 1106 praeterea
1883 1072 1950 1106 per

291 1128 344 1163 sui
374 1129 542 1176 reliquias
573 1138 725 1176 propter
760 1131 1003 1178 exiguitatem
1030 1132 1138 1167 etiam
1166 1133 1458 1168 venerabiliores.
1486 1133 1592 1177 Quae
1620 1146 1683 1168 cur
1708 1133 1821 1168 tribus
1856 1146 1949 1168 nunc

290 1201 379 1237 locis
402 1202 576 1238 disiectae
603 1203 685 1246 sint,
715 1217 787 1239 non
814 1204 999 1240 mirabitur
1026 1206 1085 1252 qui
1108 1206 1200 1241 norit
1227 1206 1425 1253 spoliorum
1453 1206 1735 1241 Floriacensium
1760 1206 1948 1241 historiam

292 1283 327 1310 et
362 1289 428 1322 per
467 1277 689 1313 hereditates
724 1277 951 1313 Danielinam
987 1287 1023 1313 et
1064 1280 1299 1315 Petavianam
1339 1279 1430 1315 inter
1465 1279 1671 1325 complures
1705 1279 1948 1315 bibliothecas

292 1349 506 1395 Europaeas
541 1358 657 1385 ortam
692 1351 984 1387 vicissitudinem.
1020 1354 1099 1387 Nos
1135 1366 1206 1388 non
1241 1353 1511 1388 immorabimur
1545 1354 1656 1388 rebus
1690 1352 1878 1387 tritissimis
1912 1360 1949 1387 et

291 1434 385 1468 quae
420 1436 544 1469 supra,
582 1424 667 1458 dum
701 1424 971 1460 Miciacensium
1009 1425 1083 1460 fata
1110 1434 1321 1468 tractamus,
1348 1427 1418 1461 iam
1445 1426 1649 1461 summatim
1677 1433 1838 1461 attactae
1867 1425 1946 1460 sint.

291 1495 367 1530 Sed
402 1495 506 1531 finem
541 1496 622 1531 huic
658 1498 836 1543 opusculo
872 1498 1103 1545 imponimus;
1132 1499 1187 1534 cui
1215 1499 1349 1534 utinam
1374 1499 1534 1535 licuisset
1561 1512 1632 1533 non
1660 1499 1777 1533 solum
1805 1499 1946 1533 addere

290 1569 457 1604 codicum
492 1570 718 1606 Miciacensis
753 1579 789 1606 et
820 1572 1041 1607 Turonensis
1069 1573 1281 1619 specimina,
1310 1574 1377 1608 sed
1405 1573 1513 1608 etiam
1541 1585 1587 1607 ex
1614 1580 1770 1618 utroque
1798 1571 1946 1607 novello

288 1641 380 1677 libro
403 1642 454 1677 sic
476 1643 648 1689 supplere
671 1651 867 1686 vetustum,
892 1653 930 1679 ut
957 1658 1027 1680 non
1054 1645 1260 1692 fragmenta
1283 1646 1526 1681 Floriacensia
1546 1645 1737 1681 exhibituri
1760 1644 1945 1686 fuerimus,

290 1715 356 1750 sed
383 1715 492 1750 totius
518 1717 683 1762 corporis
713 1718 979 1763 quadamtenus
1008 1718 1263 1765 integritatem.

1222 1854 1509 1889 LUDOVICUS
1537 1855 1749 1889 TRAUBE.
