2410 3257
290 239 315 261 II
1008 238 1232 262 PRAEFATIO.

291 335 453 371 artifices.
490 336 566 371 Sed
601 336 703 371 huius
738 348 887 383 quoque
921 335 972 371 rei
998 335 1244 371 inventionem
1276 336 1336 382 qui
1363 336 1492 372 afferat
1518 337 1596 373 dies
1624 337 1755 373 veniet.
1782 339 1864 384 Ipse
1891 340 1947 374 sol

289 408 441 444 invictus
468 408 662 455 aliquando
689 408 945 455 subiugabitur
971 416 1088 444 totus:
1115 409 1332 444 habebimus
1359 410 1648 458 photographon
1671 410 1945 446 multicolorum.

435 481 591 523 Interim,
619 482 704 516 dum
730 483 826 517 bene
849 494 1054 528 speramus,
1079 481 1266 528 pergimus
1289 482 1384 518 duce
1408 482 1584 518 SCATONE
1599 496 1647 518 DE
1662 484 1781 519 Vmsss
1797 485 1946 521 codices

290 554 457 590 Graecos
492 562 528 589 et
559 554 709 590 Latinos
735 554 1031 601 photographice
1059 555 1277 601 depingere,
1305 562 1345 590 ut
1371 555 1407 590 id
1433 555 1555 590 facere
1583 568 1628 591 ne
1655 556 1944 600 intermittamus,

288 627 389 673 quod
415 627 526 662 nostri
554 626 635 662 aevi
663 639 745 662 esse
772 627 954 670 videatur,
983 627 1120 663 scilicet
1145 640 1244 663 nova
1271 636 1349 663 arte
1376 640 1495 675 eaque
1522 636 1661 664 tantum
1684 642 1756 665 non
1779 630 1946 667 omnibus

287 700 443 735 numeris
470 700 640 735 absoluta
667 708 704 735 et
731 701 778 735 ab
806 700 949 736 interitu
975 700 1160 736 vindicare
1183 709 1418 736 monumenta
1440 702 1644 737 saecularia
1666 710 1716 744 et,
1741 702 1769 738 si
1792 715 1945 749 quorum

286 786 357 808 non
393 780 538 808 exstent
572 760 636 808 nisi
669 772 805 820 passim
841 773 1040 820 dissipatae
1076 773 1265 820 reliquiae,
1299 786 1362 810 eas
1389 774 1582 811 ordinatim
1608 776 1825 824 recolligere
1853 785 1889 813 et
1911 778 1945 813 in

285 846 471 892 pristinum
497 852 631 880 statum
658 845 880 892 postliminio
907 847 1097 882 reducere.

382 919 506 954 Seno
529 919 638 966 igitur
660 931 708 954 DE
731 920 870 961 Vates,
895 932 977 955 cum
993 932 1089 966 quae
1106 920 1303 955 novissima
1316 920 1391 955 fieri
1405 920 1569 956 iussisset
1582 922 1844 969 photographa
1858 923 1939 958 mihi

284 993 393 1028 vellet
415 992 588 1027 exhibere
611 999 648 1027 et
670 999 708 1027 ut
731 1005 858 1027 eorum
883 992 1047 1034 editioni,
1072 1006 1168 1039 quae
1192 993 1294 1040 quod
1315 993 1439 1040 prodit
1454 1006 1562 1030 omne
1578 995 1689 1041 ipsius
1706 1004 1762 1031 est
1776 996 1941 1032 meritum

284 1064 379 1109 (narn
399 1073 435 1101 et
458 1065 592 1112 primus
616 1064 803 1100 consilium
827 1065 900 1100 iniit
919 1066 1052 1101 edendi
1068 1067 1160 1101 haec
1175 1066 1260 1102 folia
1274 1074 1311 1102 et
1324 1074 1459 1113 postea
1474 1075 1589 1103 totam
1603 1081 1680 1104 rem
1696 1082 1787 1104 unus
1803 1070 1940 1116 optime

284 1138 572 1183 administravit),
598 1151 619 1173 a
642 1151 699 1174 me
722 1146 846 1174 tamen
868 1140 1087 1186 postularet,
1104 1140 1370 1187 praefationem
1384 1141 1670 1187 praemitterem‚
1687 1155 1807 1189 neque
1822 1143 1940 1178 amico

281 1211 378 1246 volui
401 1212 535 1247 deesse
562 1224 682 1258 neque
707 1211 877 1248 laborem
904 1213 1112 1248 detrectare
1140 1213 1305 1260 quamvis
1336 1214 1383 1248 de
1410 1213 1596 1260 inproviso
1624 1215 1707 1250 mihi
1734 1215 1938 1251 iniunctum.

427 1357 641 1404 Hieronymi
676 1357 938 1393 Chronicorum
973 1359 1111 1394 codicis
1141 1359 1383 1395 Floriacensis
1411 1361 1565 1408 antiquis
1591 1362 1791 1398 uncialibus
1818 1362 1941 1409 scripti

282 1430 379 1473 folia,
420 1443 516 1477 quae
554 1443 647 1466 nunc
683 1431 762 1466 sola
797 1444 994 1478 superesse
1030 1432 1208 1475 videntur,
1247 1446 1399 1469 numero
1433 1434 1560 1481 viginti
1588 1436 1662 1470 duo
1690 1436 1748 1470 vel
1774 1435 1941 1470 foliorum

281 1503 382 1549 paria
420 1504 588 1539 undecim
628 1504 726 1547 (bina
766 1505 860 1541 enim
899 1506 984 1541 folia
1020 1507 1139 1541 adhuc
1175 1506 1267 1541 inter
1302 1520 1343 1542 se
1378 1508 1606 1546 cohaerent).
1644 1509 1820 1555 pleraque
1856 1516 1941 1555 post

281 1577 506 1612 Thesaurum
541 1585 746 1624 temporum
781 1580 828 1614 ab
864 1579 1056 1626 Scaligero
1093 1580 1279 1615 conditum
1314 1581 1487 1627 paulatim
1523 1590 1670 1628 reperta
1705 1589 1794 1617 sunt.
1823 1583 1941 1617 Vetu-

279 1657 411 1685 statem
438 1651 675 1696 pertulerant,
707 1660 902 1699 postquam
929 1653 1097 1701 antiquus
1124 1654 1214 1689 liber
1245 1666 1328 1689 esse
1356 1654 1476 1695 desiit,
1506 1654 1680 1701 colligata
1705 1668 1787 1690 cum
1810 1668 1941 1690 recen-

279 1722 377 1757 tioris
405 1723 486 1758 aevi
514 1723 702 1759 codicibus
730 1725 865 1760 tribus:

424 1797 498 1831 duo
534 1797 618 1832 folia
654 1811 734 1833 cum
766 1798 933 1845 Reginae
962 1799 1093 1835 codice
1120 1800 1178 1834 lat.
1213 1811 1303 1845 1709
1331 1801 1363 1835 in
1390 1801 1613 1836 bibliotheca
1640 1801 1833 1843 Vaticana,
1865 1814 1937 1848 quo

278 1869 311 1903 in
338 1870 467 1905 codice
494 1870 662 1905 foliorum
690 1879 876 1906 numerum
903 1872 1093 1908 habebant
1121 1885 1166 1918 34
1194 1881 1231 1908 et
1260 1885 1322 1919 35;

424 1944 716 1989 quattuordecim
744 1958 826 1980 cum
852 1945 1099 1982 bibliothecae
1127 1947 1296 1993 publicae
1322 1947 1505 1982 Parisinae
1533 1947 1663 1982 codice
1694 1948 1751 1982 lat.
1780 1950 1876 1991 6400
1894 1948 1934 1989 B,

276 2015 337 2050 ubi
364 2015 472 2051 etiam
499 2029 592 2052 nunc
621 2017 706 2052 folia
733 2026 816 2053 sunt
848 2031 858 2053 1
894 2030 910 2053 2
941 2031 960 2063 3
990 2032 1010 2064 4
1040 2031 1057 2063 5
1089 2022 1109 2054 6
1140 2032 1155 2063 7
1187 2023 1207 2055 8
1236 2023 1302 2065 285
1334 2022 1402 2055 286
1431 2022 1498 2064 287
1532 2022 1600 2054 288
1632 2023 1699 2064 289
1730 2031 1817 2064 290;

421 2102 487 2124 sex
513 2090 683 2136 Lugduni
710 2091 933 2127 Batavorum
961 2092 994 2127 in
1023 2093 1215 2128 academia
1242 2106 1324 2129 curn
1351 2093 1480 2128 codice
1509 2093 1692 2128 vossiano
1716 2093 1774 2128 lat.
1798 2093 1841 2138 Q.
1871 2105 1937 2128 110

275 2169 459 2208 tamquam
498 2162 601 2198 huius
643 2163 780 2199 codicis
820 2164 906 2200 folia
951 2168 1013 2209 167
1062 2170 1126 2201 108
1168 2170 1232 2211 169
1274 2178 1340 2210 170
1378 2178 1437 2210 171
1486 2165 1610 2210 172¹);
1647 2179 1739 2201 nunc
1767 2178 1934 2201 seorsum

274 2235 454 2270 habentur
481 2243 519 2271 ut
547 2237 669 2271 codex
695 2237 902 2283 singulariS‚
932 2239 991 2285 qui
1021 2247 1175 2274 vocatur
1203 2240 1404 2275 Vossianus
1430 2240 1488 2274 lat.
1517 2240 1559 2284 Q.
1593 2246 1685 2274 110³.

394 2364 413 2397 ¹)
434 2364 547 2391 Primus
576 2365 647 2392 haec
678 2374 731 2392 sex
760 2366 839 2399 folia,
869 2375 944 2402 quae
967 2367 1091 2394 fortasse
1114 2369 1291 2402 agglutinata
1314 2368 1427 2395 fuerant
1447 2368 1567 2394 aliorum
1589 2368 1718 2394 codicum
1742 2368 1931 2401 tegumentis,

273 2423 337 2441 cum
369 2415 468 2442 codice
499 2421 602 2450 postea
634 2417 822 2451 Lugdunensi
850 2419 1036 2445 coniunxisse
1069 2420 1182 2446 videtur
1213 2420 1343 2447 Vossius.
1377 2421 1450 2446 Nam
1475 2420 1547 2446 haec
1575 2421 1611 2446 de
1638 2424 1760 2454 utroque
1783 2420 1819 2446 ab
1841 2420 1932 2446 altero

272 2466 359 2493 etiam
380 2471 445 2493 tunc
466 2474 603 2502 separato
625 2469 770 2496 Pontacus
789 2470 817 2496 in
839 2470 1047 2498 Chronicorum
1070 2472 1195 2498 editione
1213 2472 1410 2506 (Burdigalae,
1429 2481 1454 2499 a.
1482 2470 1563 2506 1604,
1583 2481 1649 2506 pag.
1673 2474 1733 2507 29):
1748 2471 1930 2498 ‘Petavinum

273 2518 334 2544 ‘Ms.
354 2519 380 2551 (i.
400 2528 423 2545 e⁴
444 2519 529 2546 Voss.
550 2521 597 2546 lat.
618 2520 652 2554 Q.
677 2524 739 2551 110)
759 2522 846 2548 minio
864 2523 1035 2550 illustratum
1054 2533 1118 2550 cum
1138 2524 1287 2551 Chronieis
1305 2524 1418 2550 Eusebii
1436 2529 1464 2550 et
1484 2523 1671 2558 Hieronymi,
1693 2523 1755 2550 sine
1771 2523 1931 2557 Prospero,

273 2571 357 2603 ‘quod
377 2570 411 2596 Di
431 2571 536 2598 Paulus
555 2572 692 2599 petavius
712 2573 745 2599 V⁴
766 2573 796 2600 C.
816 2574 843 2600 in
865 2583 1003 2609 suprema
1022 2575 1178 2602 Parisiensi
1195 2576 1272 2602 curia
1289 2575 1415 2602 Senator
1426 2576 1523 2610 regius
1537 2575 1759 2608 eruditissimus,
1776 2580 1804 2602 et
1815 2575 1933 2601 sedulus

271 2622 455 2656 ‘antiquitatis
477 2623 637 2658 indagator,
661 2634 694 2651 ac
713 2630 847 2653 veterum
866 2626 1002 2653 librorum
1021 2628 1266 2662 promptuarium,
1286 2636 1339 2662 pro
1357 2637 1409 2654 suo
1421 2636 1491 2662 erga
1502 2628 1631 2654 literatos
1643 2627 1751 2660 studio,
1763 2627 1880 2653 Parisiis
1893 2627 1929 2653 ad

272 2674 333 2700 ‘nos
345 2674 551 2708 perferendum
563 2676 649 2702 dedit.
664 2676 727 2703 Hoc
740 2679 894 2712 exemplar
905 2687 977 2712 prae
990 2679 1112 2706 caeteris
1123 2680 1242 2714 propius
1255 2680 1366 2706 accedit
1378 2680 1414 2706 ad
1428 2680 1571 2706 Fuxense.
1586 2679 1742 2706 —Petavii
1753 2679 1929 2713 Fragmenta

272 2725 333 2751 ¹Ms.
343 2725 369 2756 (i.
378 2735 403 2752 e.
413 2726 498 2753 Voss.
509 2728 555 2753 lat.
566 2727 600 2760 Q.
616 2730 693 2761 110³)
702 2738 707 2755 :
716 2729 851 2756 Schedae
862 2731 969 2765 aliquot
981 2731 1197 2766 antiquissimae
1209 2732 1453 2758 membranaceae
1465 2731 1548 2758 unius
1560 2736 1608 2757 aut
1619 2731 1735 2757 alterius
1747 2730 1798 2757 Ms.
1813 2729 1932 2756 Eusebii

271 2778 308 2803 ‘et
325 2777 509 2812 Hieronymi,
529 2788 603 2813 quae
624 2780 723 2807 codice
740 2781 819 2808 carie
832 2786 860 2808 et
871 2787 1019 2809 vetustate
1032 2788 1218 2818 consumpto,
1232 2784 1403 2818 superstites
1415 2791 1599 2817 remansere,
1616 2783 1746 2809 eiusdem
1761 2782 1795 2808 V.
1810 2782 1840 2809 C.
1853 2781 1931 2808 Petri

268 2828 317 2861 (sic
339 2837 440 2855 errans
462 2831 556 2864 posuit
578 2831 640 2865 ipse
663 2832 819 2865 Pontacus)
842 2833 962 2860 *Petavii
986 2834 1126 2860 beneficio
1151 2835 1187 2861 ad
1212 2844 1265 2861 nos
1284 2835 1418 2862 delatae.’
1438 2835 1513 2861 Hinc
1529 2834 1698 2869 explicatur,
1721 2842 1770 2860 cut·
1787 2833 1930 2868 Iosephus
