2461 3304
52 468 295 515 Epistularum

51 615 229 651 adversus
255 615 474 652 Iovinianum

51 832 98 868 de
157 833 239 869 viris
293 834 488 871 illustribus

100 918 181 942 curn
232 907 488 945 additamentis

100 978 280 1015 Gennadii

49 1421 84 1457 in
107 1421 295 1458 Ieremiam

47 2020 314 2067 Prophetarum

44 2238 328 2286 Euangeliorum

515 385 724 433 lliteronymi

1146 291 1364 315 vum-‚l-A'rlo.

787 389 936 424 ‹nulii-vs
999 390 1288 425 semiunciulibus

641 472 880 518 fragmentum
942 475 972 510 in
1034 475 1162 510 codice
1215 476 1369 510 (hinda-

689 546 788 581 vcnsi
819 554 886 591 ζμ)

639 617 722 654 solia

772 619 908 667 aliquot
960 621 991 656 in
1039 622 1168 657 codici:
1217 623 1368 667 Lugdu-

687 692 786 727 nensi
815 705 883 737 510

641 840 923 885 hamburgensis
955 842 981 876 Β
1010 842 1054 876 lv
1085 853 1120 876 21

642 1058 862 1094 Veronensis
893 1060 990 1095 XXII
1019 1059 1094 1103 (20)
1109 1062 1135 1101 ²>

638 1425 895 1472 Lugdunensis
909 1437 976 1469 3q7
995 1425 1033 1463 -l-
1047 1425 1226 1461 Parisinus
1241 1439 1271 1461 n.
1287 1439 1364 1473 aeq.

686 1499 747 1534 lat.
770 1500 838 1534 602
854 1499 881 1542 ³)

634 2019 720 2055 folia
753 2019 930 2066 rescripta
964 2018 997 2053 in
1023 2018 1211 2054 codicibus
1239 2017 1361 2053 Sancti

685 2093 778 2129 Galli
811 2104 872 2138 193
902 2100 939 2128 et
966 2094 1045 2138 567.

634 2239 841 2286 fragmenta
861 2238 894 2273 in
917 2238 1106 2274 codicibus
1128 2237 1252 2273 Sancti
1270 2236 1362 2272 Galli

689 2324 790 2358 1395,
826 2311 861 2347 S.
888 2311 989 2347 Pauli
1011 2311 1227 2347 Carinthiani
1254 2311 1360 2345 XXV

682 2387 715 2422 d.
742 2389 799 2431 65,
828 2384 1057 2432 Sangallensi
1084 2384 1250 2420 Vadiano
1280 2395 1359 2428 292,

680 2459 867 2496 Turicensi
916 2458 1162 2494 bibliothecae
1213 2457 1360 2492 urbicae

680 2534 709 2570 C
739 2545 782 2577 79
797 2534 822 2568 b
836 2534 876 2577 ⁴).

2038 295 2072 319 IX

1352 389 1488 435 si'rlplil
1520 391 1543 429 Ι)

1502 476 1543 509 cs.
1602 477 1803 517 Chatelain,

1551 550 1622 583 tal».
1652 550 1809 585 LXXVI.

1867 478 2022 513 l'mrinlis
2074 480 2273 526 svripturne

1499 839 1541 874 cs.
1584 841 1745 883 Traube,
1788 842 2141 888 l'alaeographischaf
2183 844 2273 878 For-

1547 914 1733 959 schungen
1763 914 1787 955 l,
1817 916 1888 949 tal).
1918 916 1937 950 l.

1498 1063 1540 1094 cl.
1608 1059 1809 1101 Chatelain,

1546 1133 1617 1167 tab.
1647 1133 1773 1167 LXVII
1807 1144 1831 1167 1.

1868 1060 2023 1095 Uncialis
2073 1061 2272 1108 scripturae

1497 1425 1538 1460 cs.
1566 1425 1698 1460 Album
1725 1425 2039 1472 pal‹':ographique
2065 1427 2137 1461 tab.
2164 1426 2221 1461 IX.

1493 2014 1536 2050 cf.
1595 2013 1780 2050 Chatelain
1789 2043 1796 2055 ‚

1542 2089 1614 2123 tab.
1642 2087 1765 2122 LXIV.

1858 2013 2014 2049 Uncialis
2067 2013 2267 2060 scripturae

1495 2234 1536 2270 cf.
1595 2234 1796 2275 Chatelain,
1857 2233 2014 2269 Uncialis
2064 2232 2263 2279 scripturae

1542 2309 1615 2344 tab.
1643 2307 1765 2342 LXVI.

174 2618 193 2650 ¹)
214 2618 323 2653 Longis
347 2619 480 2651 versibus
506 2628 609 2646 omnes
632 2625 750 2654 praeter
771 2618 992 2653 euangeliorum
1014 2617 1176 2651 fragmenta
1198 2615 1347 2642 Helvetiea
1369 2620 1398 2642 et
1419 2615 1581 2642 Austriaca.

173 2668 193 2702 ²)
214 2669 265 2697 Est
285 2670 358 2698 sexti
382 2671 479 2705 medii,
502 2671 536 2698 cf.
559 2671 722 2698 Mommsen
744 2672 781 2698 ad
803 2671 920 2697 Librum
941 2669 1135 2704 pontificalem
1156 2676 1242 2702 pagg.
1266 2668 1328 2695 VIII
1351 2672 1379 2694 et
1400 2666 1522 2693 XXXII.

167 2721 188 2751 3)
210 2721 252 2748 Cf.
274 2722 472 2758 Bibliotheque
492 2724 528 2750 de
550 2718 656 2750 l’Ecole
677 2724 730 2750 des
750 2723 865 2750 chartes
887 2719 932 2757 56,
953 2719 1021 2755 645.
1044 2720 1177 2747 Continet
1197 2719 1284 2746 etiam
1306 2719 1372 2746 solia
1393 2718 1550 2745 uncialibus
1573 2717 1689 2751 scripta.

168 2773 188 2803 ’ἲ
211 2773 252 2800 Cf.
291 2773 454 2808 Chatelain,
492 2775 612 2809 Journal
646 2776 699 2802 des
735 2775 864 2802 Savants
901 2782 928 2800 a.
972 2778 1044 2808 1902
1079 2781 1146 2807 pag.
1181 2777 1247 2807 271.
1279 2771 1334 2805 Qui
1365 2770 1431 2797 solia
1463 2769 1646 2796 Carinthiana
1677 2776 1741 2794 curn
1771 2766 2009 2800 Sangallensibus
2040 2764 2149 2799 primus
2180 2768 2257 2789 recte

47 2825 206 2860 coniunxit,
236 2826 289 2852 sed
321 2834 420 2852 errare
452 2826 520 2853 mihi
549 2826 672 2860 videtur,
703 2835 767 2853 cum
799 2826 886 2852 dicat:
920 2825 1006 2851 ‘deux
1038 2824 1158 2850 feuillets
1193 2824 1231 2850 du
1264 2826 1359 2849 meme
1389 2822 1504 2848 volume
1535 2825 1601 2847 sont
1631 2828 1668 2846 en
1695 2820 1721 2846 la
1749 2818 1915 2853 possession
1943 2817 1980 2843 de
2008 2817 2034 2842 la
2062 2815 2177 2842 Societe
2205 2815 2258 2841 des

48 2877 244 2912 ‘Antiquaires
264 2878 301 2904 de
321 2877 444 2904 Zurich.'
