2461 3304
901 1064 1545 1144 PRAEFATIO

540 1400 613 1435 Ars
640 1400 953 1447 palaeographica
981 1413 1027 1435 eo
1050 1408 1086 1435 et
1109 1400 1226 1435 utilior
1249 1399 1286 1434 fit
1309 1407 1345 1435 et
1369 1398 1560 1439 audacior,
1585 1410 1658 1444 quo
1681 1397 1853 1432 maiorem
1870 1409 2046 1443 progres-

394 1485 472 1508 sum
501 1485 558 1507 ars
585 1472 881 1519 photographica
907 1472 1000 1508 facit.
1023 1473 1095 1508 lam
1119 1472 1283 1514 codices,
1307 1471 1526 1518 ubicumque
1549 1479 1707 1511 exstant,
1731 1469 1829 1505 dorni
1851 1470 2045 1504 commode

394 1545 584 1588 iudicatur,
625 1545 720 1592 quali
759 1558 867 1580 manu
901 1546 1049 1592 quando
1085 1545 1206 1592 scripti
1241 1545 1323 1586 sint,
1360 1544 1616 1591 speciminibus
1651 1544 1733 1579 inde
1768 1542 1919 1589 sumptis
1950 1552 1986 1577 et
2014 1542 2044 1576 in

395 1619 550 1666 propriis
589 1619 723 1655 mensis
757 1620 869 1654 multo
897 1618 1140 1665 opportunius
1167 1617 1372 1665 explicatis,
1399 1630 1507 1664 quam
1534 1629 1704 1663 umquam
1731 1616 1828 1651 licuit
1854 1615 1886 1650 in
1914 1615 2046 1650 alienis.

395 1692 489 1737 Quin
529 1692 637 1728 etiarn
677 1691 743 1727 toti
777 1692 854 1727 libri
888 1704 954 1738 per
985 1691 1162 1738 imagines
1188 1698 1517 1738 repraesentantur,
1545 1702 1664 1725 novae
1692 1689 1936 1724 bibliothecae
1964 1688 2049 1723 siunt

394 1765 633 1807 umbraticae,
674 1778 742 1801 nec
781 1765 869 1800 situs
908 1777 975 1800 nec
1011 1765 1107 1800 tinea
1142 1764 1295 1811 amplius
1322 1764 1475 1805 timetur,
1504 1763 1564 1798 ubi
1591 1764 1787 1799 litterarum
1815 1771 2048 1797 monumenta

392 1839 526 1875 tradita
565 1839 750 1886 quondam
791 1839 1023 1874 tenuissimae
1063 1839 1236 1874 materiae
1275 1839 1345 1874 iam
1384 1838 1564 1884 lapidibus
1599 1837 1797 1873 efficiuntur
1823 1835 2048 1883 perenniora*

394 1913 474 1949 Nec
513 1913 630 1949 solum
669 1912 890 1959 longinquos
925 1912 1074 1947 codices
1109 1913 1157 1947 ad
1183 1924 1327 1946 manum
1354 1919 1538 1957 tamquam
1565 1919 1780 1957 praesentes
1807 1909 1932 1944 intueri
1960 1920 2049 1954 pos-

397 1998 520 2021 sumus
543 1993 605 2021 aut
626 1985 780 2021 invicem
795 1998 861 2020 eos
877 1997 1094 2032 comparare
1109 1992 1172 2020 aut
1186 1992 1360 2020 excutere
1375 1996 1684 2030 unumquemque,
1705 1983 1870 2029 quamvis
1884 1982 1955 2017 late
1971 1981 2049 2028 ipsa

398 2059 620 2106 exemplaria
642 2059 734 2095 inter
755 2071 795 2094 se
818 2058 953 2094 distent
974 2066 1011 2094 et
1035 2057 1205 2093 distantia
1219 2065 1371 2098 restent,
1387 2057 1454 2092 sed
1471 2057 1659 2103 coepimus
1675 2056 1782 2092 etiam
1798 2055 2048 2101 redintegrare

397 2131 431 2167 in
454 2144 638 2179 unumque
660 2144 795 2178 corpus
817 2144 940 2166 rursus
962 2143 1230 2177 recomponere
1252 2131 1366 2165 libros
1389 2130 1566 2170 divulsos,
1591 2129 1620 2164 si
1645 2130 1757 2164 modo
1776 2129 1831 2164 hic
1846 2128 1911 2163 illic
1927 2136 2050 2174 partes

398 2204 578 2241 interitum
610 2204 905 2251 subterfugerint.
931 2204 983 2239 Ita
1010 2203 1175 2239 homines
1205 2203 1420 2239 resarcimus
1447 2211 1652 2248 temporum
1679 2202 1839 2237 iniurias:
1866 2201 2050 2236 desierunt

396 2277 475 2313 libri
500 2278 638 2313 habere
665 2290 761 2324 quae
788 2290 854 2324 per
879 2278 979 2324 vulgi
1006 2289 1072 2313 ora
1097 2277 1258 2313 feruntur
1283 2276 1358 2312 fata
1384 2276 1587 2323 singularia.
1616 2277 1721 2311 Haec
1743 2276 1803 2310 lux
1826 2283 1955 2310 exorta
1978 2283 2047 2312 est.

399 2363 446 2386 ex
481 2363 554 2397 quo
585 2358 753 2397 tempore
780 2351 828 2385 ad
855 2350 1004 2386 codices
1030 2349 1277 2386 restituendos
1305 2357 1340 2385 et
1366 2350 1642 2396 perpetuandos
1670 2349 1718 2384 uti
1746 2348 1933 2384 didicimus
1960 2347 2049 2381 luce.

544 2423 664 2458 Unum
699 2431 828 2465 restat,
863 2431 902 2458 ut
933 2431 1034 2458 tanta
1065 2435 1123 2458 ars
1149 2421 1314 2469 perfecta
1340 2422 1400 2457 sit:
1427 2435 1536 2469 quern
1563 2423 1610 2457 ad
1637 2422 1786 2457 modurn
1813 2433 1905 2456 nunc
1932 2419 2050 2455 reddit

398 2495 566 2537 formam,
591 2496 705 2531 debet
726 2496 883 2532 reddere
907 2496 1015 2531 etiam
1030 2496 1212 2531 naturales
1228 2495 1382 2531 colores.
1397 2495 1488 2530 Tum
1505 2495 1552 2530 ad
1566 2496 1712 2530 umbras
1727 2494 1938 2540 pallidarum
1954 2493 2050 2527 litte-

401 2581 536 2611 rarum,
560 2569 726 2616 quamvis
749 2569 956 2604 consentire
979 2569 1171 2604 videantur
1193 2581 1275 2604 cum
1295 2568 1403 2603 medii
1427 2568 1508 2603 aevi
1531 2580 1638 2614 quarn
1662 2567 1729 2602 sibi
1752 2567 1891 2613 fingunt
1912 2566 2048 2605 indole,

401 2641 481 2688 ipsa
506 2641 581 2677 vita
608 2642 780 2682 accedet;
807 2655 895 2677 vere
921 2641 1184 2688 redipiscemur
1210 2641 1332 2676 varios
1358 2641 1437 2676 illos
1463 2641 1584 2687 pisces
1607 2653 1695 2675 aves
1716 2640 1872 2675 hederas
1895 2638 2051 2673 fimbrias

402 2714 523 2761 capita
554 2715 706 2756 caudas,
737 2722 853 2750 totum
880 2714 1038 2761 denique
1065 2714 1101 2749 id
1128 2727 1246 2761 genus
1273 2714 1505 2760 splendorem
1533 2725 1687 2759 eamque
1714 2712 1861 2747 hilarem
1886 2710 2051 2746 iocundi-

401 2795 529 2830 tatem,
570 2800 642 2834 qua
680 2787 750 2822 iam
787 2788 935 2823 labente
970 2787 1184 2834 antiquitate
1219 2787 1368 2822 codices
1395 2785 1524 2821 florere
1552 2793 1754 2831 coeperunt
1779 2792 1815 2819 et
1842 2795 1914 2829 qua
1939 2783 2050 2828 longe

402 2868 595 2907 superatur
630 2860 801 2907 quicquid
833 2861 866 2895 in
900 2860 997 2895 libris
1032 2860 1203 2895 ornandis
1238 2867 1417 2905 temptant
1450 2858 1567 2905 magis
1595 2869 1702 2904 quarn
1729 2864 1917 2903 praestant
1942 2855 2050 2890 hodie

1918 2937 1928 2954 1
