2461 3304
1165 264 1384 288 1¹1<A1·'.1··A'1·10.
2053 275 2086 299 Nl

438 351 530 399 ipsa,
560 355 626 389 sed
654 356 932 398 recentioribus,
961 372 1112 405 quarum
1140 361 1262 406 imago
1291 364 1387 409 apud
1416 364 1678 403 M‹›m1ns‹·imin
1706 369 1892 410 inm-nitur,
1922 373 2084 408 ('hroni‹·.

437 425 560 461 minor.
588 427 656 462 vol.
682 428 705 462 ll
735 430 806 464 tal).
836 430 843 464 l
873 439 908 465 et
938 431 974 475 ll)
1002 432 1049 466 ad
1077 433 1168 468 hanc
1195 435 1448 480 ‹piaestionem
1477 451 1546 473 non
1575 441 1762 486 pertinent.
1787 444 1959 479 Suc-unda
1983 459 2081 491 pars,

435 510 531 544 quae
558 508 701 536 centum
730 503 903 538 tredecim
929 503 1018 539 foliis
1041 506 1253 542 charactere
1279 509 1402 544 unciali
1429 511 1706 549 l·'loria‹:‹‚·nsium
1731 514 1893 551 foliorum
1918 518 2082 563 persimili

436 580 540 606 vetus
576 572 835 610 Chronicorum
871 578 1058 624 exemplar
1093 591 1160 614 nec
1191 579 1369 625 integrum
1398 591 1434 618 ct
1462 585 1578 619 multis
1605 587 1861 622 additamentis
1889 589 1919 624 in
1948 592 2084 636 margi—

434 643 537 679 nibus
572 646 714 682 cursiva
750 661 855 683 manu
891 651 1084 686 adstructis
1115 654 1368 700 complectitur
1393 656 1448 698 (cf.
1476 656 1668 702 imaginem
1697 659 1727 694 in
1758 661 2080 709 l'alsufogrziphical

433 717 584 765 society
620 719 644 753 ll
687 727 778 764 129),
815 731 851 757 et
887 723 1006 764 tertia,
1043 737 1138 771 quac
1173 727 1220 760 al)
1257 728 1387 763 eadem
1419 742 1524 764 manu
1552 731 1694 766 ‹zursiva
1722 733 1892 779 scriptam
1921 737 2080 772 contin-:t

431 790 767 837 recapitulationem
795 793 850 833 (cf.
878 794 1071 841 imaginem
1100 798 1171 832 Pal.
1200 800 1282 834 Soc.
1313 801 1335 834 ll
1372 812 1466 843 130),
1495 802 1545 837 sic
1573 817 1612 838 se
1639 805 1821 851 excipiunt
1849 807 1938 843 inter
1966 824 2079 856 seque

429 863 642 906 cohaerent,
666 873 704 900 ut
727 878 811 912 pars
835 868 981 903 uncialis
1001 870 1143 906 cursiva
1157 881 1261 917 parte
1276 873 1460 920 aliquanto
1477 875 1547 910 lieri
1564 887 1722 923 nequeat
1737 879 1819 925 quin
1835 880 1878 915 sit
1894 883 2078 918 vetustior.

429 935 541 982 Atqui
582 938 834 984 recapitulatio
874 954 903 976 a.
940 954 1006 986 442
1046 943 1156 985 facta,
1193 945 1225 979 in
1262 946 1497 983 Bodleianum
1533 949 1658 985 librum
1696 951 1924 988 Mommsvno
1961 955 2077 991 iudice

427 1009 663 1056 transscripta
697 1011 754 1047 illa
789 1013 935 1059 quidem
972 1028 1017 1050 ex
1055 1016 1174 1062 priore
1210 1020 1396 1065 exemplo,
1429 1034 1509 1056 cum
1537 1022 1591 1057 hic
1619 1023 1694 1059 sine
1724 1025 1793 1059 ullo
1820 1027 2075 1072 supplemento

426 1080 533 1116 nihilo
572 1082 686 1119 minus
727 1085 952 1128 exhibeatur,
993 1090 1195 1136 archetypo
1236 1104 1302 1126 suo
1343 1105 1413 1127 non
1453 1102 1576 1140 potest
1615 1097 1726 1131 multo
1767 1099 1947 1134 recentior
1982 1114 2074 1136 esse.

426 1152 601 1190 Cursivae
636 1169 728 1202 ergo
763 1159 964 1206 scripturae
995 1175 1065 1197 non
1093 1163 1203 1209 longe
1231 1177 1252 1199 a
1280 1178 1366 1200 vera
1393 1166 1531 1203 ratione
1558 1169 1808 1205 aberrabimus
1836 1184 1916 1207 cum
1943 1185 2073 1209 annum

425 1226 693 1273 assignabimus
728 1230 869 1267 circiter
895 1245 967 1277 450
994 1247 1026 1280 p.
1055 1235 1150 1277 Chr„
1178 1249 1398 1284 quamquam
1425 1252 1520 1285 quae
1546 1240 1670 1276 similia
1697 1244 1865 1289 exempla
1894 1245 2070 1282 habemus

423 1299 515 1334 sexti
551 1301 673 1347 potius
707 1305 841 1339 saeculi
877 1315 969 1342 sunt.
1005 1308 1116 1352 Quod
1150 1309 1178 1344 si
1213 1319 1282 1351 est,
1319 1311 1490 1358 sequitur,
1528 1322 1565 1348 ut
1600 1314 1746 1349 uncialis
1777 1317 1954 1363 scriptura
1981 1319 2070 1355 intra

423 1383 452 1407 a.
487 1384 560 1417 400
594 1382 630 1410 et
670 1388 701 1411 a.
728 1389 800 1422 450
826 1379 1042 1415 collocanda
1068 1381 1112 1416 sit
1138 1395 1209 1417 non
1236 1383 1352 1419 solum
1379 1397 1473 1431 quae
1501 1385 1533 1420 in
1561 1387 1761 1423 Bodleiano
1788 1389 1976 1432 invenitur,
2005 1393 2070 1428 sed

421 1445 530 1482 etiam
565 1460 661 1495 quae
696 1449 729 1484 in
765 1451 994 1488 Floriacensi.
1030 1455 1193 1502 Uterque
1220 1457 1320 1503 quod
1346 1457 1542 1494 litterarum
1570 1459 1685 1496 forma
1712 1475 1826 1509 usque
1854 1465 1950 1499 adeo
1977 1478 2068 1500 con—

419 1520 542 1563 sentit,
567 1521 723 1569 alioquin
747 1525 794 1559 ab
817 1525 932 1561 altero
956 1539 1026 1562 non
1050 1528 1130 1563 nihil
1153 1529 1350 1576 discrepat,
1375 1544 1420 1566 eo
1444 1532 1530 1567 satis
1545 1534 1755 1580 explicatur,
1772 1537 1886 1583 quod,
1902 1550 1982 1573 cum
1998 1539 2066 1575 iarn

419 1592 503 1628 vivo
527 1594 753 1643 Hieronymo
777 1599 888 1634 multa
910 1599 1170 1637 Chronicorum
1192 1604 1414 1650 exemplaria
1435 1605 1755 1649 circumferrentur,
1781 1622 1850 1644 non
1875 1622 1920 1645 ex
1939 1612 2069 1647 arche-

418 1673 508 1712 typo
531 1668 652 1704 omnia
673 1669 852 1707 fluxerunt
873 1673 1015 1709 eodem.
1037 1675 1181 1710 Tertius
1204 1675 1464 1713 Chronicorum
1486 1678 1577 1714 liber
1598 1681 1747 1716 saeculo
1770 1682 1895 1728 quinto
1910 1684 2064 1730 scriptus

416 1737 500 1774 illud
523 1742 711 1788 exemplar
733 1752 825 1786 erat,
850 1746 950 1792 quod
973 1747 1095 1782 codex
1116 1748 1341 1785 Trevirensis
1363 1751 1497 1792 reddit,
1521 1751 1599 1798 ipse
1623 1765 1721 1789 nono
1740 1756 1889 1790 saeculo
1903 1757 2066 1803 scriptus.

563 1813 739 1851 Codicem
775 1825 898 1853 tantae
932 1819 1062 1855 aetatis
1096 1841 1142 1845 —
1178 1821 1445 1859 Floriacensem
1481 1825 1563 1861 dico
1602 1847 1645 1850 —
1680 1840 1746 1873 per
1784 1840 1823 1863 se
1858 1837 1961 1874 patet
1995 1843 2065 1865 non

416 1897 499 1921 esse
525 1887 698 1934 scriptum
723 1889 756 1924 in
784 1892 1007 1928 monasterio
1035 1893 1191 1936 Gallico,
1220 1896 1286 1930 sed
1313 1907 1359 1931 eo
1381 1896 1524 1933 aliunde
1547 1908 1790 1945 apportatum.
1815 1901 1859 1935 Et
1881 1901 2063 1949 inscriptio

415 1959 611 2002 sollemnis,
652 1974 747 2008 quae
786 1976 874 1999 sane
914 1965 1026 2002 docet
1060 1979 1082 2002 a
1115 1968 1279 2009 saeculo,
1317 1981 1390 2015 quo
1425 1970 1560 2017 scripta
1594 1980 1664 2013 est,
1700 1985 1798 2008 nono
1833 1987 1914 2010 eum
1949 1977 2062 2012 sancti

414 2033 601 2070 Benedicti
636 2035 760 2079 fuisse,
796 2038 866 2073 hoc
902 2047 958 2074 est
992 2047 1218 2075 asservatum
1254 2053 1336 2077 esse
1371 2041 1403 2077 in
1439 2044 1660 2079 monasterio
1695 2045 1912 2082 Floriacensi
1940 2049 2062 2085 (hodie

411 2106 544 2154 Fleury
570 2109 627 2143 vel
655 2108 1151 2157 Saint-Benoit-sur—Loire),
1182 2113 1241 2148 ubi
1265 2122 1348 2149 tunc
1371 2115 1556 2151 Benedicti
1580 2118 1725 2153 abbatis
1748 2118 1953 2155 Casinensis
1976 2134 2062 2157 ossa

411 2179 596 2224 iacebant,
629 2184 676 2218 ab
703 2183 743 2218 iis
770 2183 888 2219 differt
914 2185 1022 2227 notis,
1051 2198 1146 2232 quae
1173 2194 1282 2222 antea
1306 2189 1506 2224 eorundem
1533 2190 1766 2225 armariorum
1793 2192 1890 2226 libris
1916 2192 2057 2229 inscribi

411 2254 588 2290 solebant.
624 2256 719 2291 Inter
753 2270 846 2303 quos
879 2257 963 2293 licet
997 2271 1068 2293 non
1104 2259 1281 2295 defuerint
1311 2260 1343 2295 in
1371 2260 1450 2307 ipso
1477 2263 1698 2298 monasterio
1726 2264 1833 2299 etiam
1860 2265 1996 2312 scripti,
2026 2267 2058 2302 in

409 2327 615 2363 universum
650 2338 771 2365 tamen
806 2339 953 2365 sanctus
988 2331 1207 2367 Benedictus
1240 2333 1479 2369 Floriacensis
1507 2347 1577 2370 non
1605 2348 1651 2371 eo
1679 2337 1822 2372 nomine
1849 2339 2058 2384 praeclarus

408 2408 480 2442 est,
515 2403 616 2448 quod
642 2402 871 2449 scriptorium
899 2405 997 2450 apud
1024 2417 1106 2440 eum
1134 2405 1203 2440 iam
1230 2406 1424 2453 antiquitus
1450 2406 1619 2449 florebat,
1648 2410 1714 2444 sed
1745 2411 1845 2456 quod
1872 2411 2057 2447 veteribus

406 2473 503 2510 libris
536 2475 654 2511 multis
691 2489 736 2511 ex
770 2477 870 2512 Italia
900 2486 937 2513 et
965 2478 1142 2525 Hispania
1168 2480 1364 2515 contractis
1391 2480 1569 2527 novisque
1597 2481 1787 2528 descriptis
1815 2484 1861 2518 ad
1889 2485 2057 2531 exempla

407 2547 490 2582 alibi
522 2548 671 2584 latentia
705 2549 965 2585 bibliothecam
1000 2550 1083 2586 inde
1118 2564 1140 2586 a
1174 2553 1322 2587 saeculo
1355 2561 1490 2588 octavo
1517 2554 1680 2589 habebat
1705 2555 1967 2592 electissimam.
1995 2557 2054 2593 sic

404 2621 503 2656 solus
537 2622 704 2668 possedit
737 2622 893 2659 Sallustii
929 2623 1156 2660 historiarum
1191 2625 1357 2661 codicem
1391 2626 1690 2673 antiquissimum,
1723 2628 1823 2663 cuius
1850 2629 2054 2676 fragmenta

403 2692 436 2727 in
471 2693 699 2730 bibliothecis
736 2696 911 2731 Vaticana
944 2697 1167 2733 Berolinensi
1201 2698 1452 2734 Aurelianensi
1487 2699 1595 2735 etiam
1632 2713 1724 2736 nunc
1758 2712 1967 2748 supersunt;
2002 2703 2052 2739 sic

403 2765 644 2813 Pomponium
682 2768 816 2804 Melam
855 2777 892 2805 et
930 2770 1065 2817 scripta
1103 2772 1285 2817 quaedam
1325 2772 1371 2807 de
1410 2774 1519 2808 rebus
1559 2774 1731 2809 Romanis
1770 2775 1908 2810 minora
1945 2784 2051 2811 sexto

402 2840 551 2875 saeculo
579 2852 600 2875 a
627 2841 790 2877 Rusticio
818 2842 990 2889 Helpidio
1019 2844 1203 2879 Domnulo
1230 2857 1262 2879 V.
1290 2857 1318 2879 c.
1348 2846 1547 2881 Ravennae
1569 2847 1764 2882 emendata
1786 2847 1813 2882 si
1836 2847 1950 2882 minus
1972 2848 2051 2895 ipsa
