2410 3257
311 273 403 298 XVIII
1028 274 1249 297 PRAEFATIO.

457 373 536 408 Nec
571 374 720 408 multum
752 381 873 408 tamen
900 372 1059 408 carmina
1085 372 1284 407 valuerunt.
1312 372 1457 407 Nullum
1484 372 1744 418 monasterium
1770 373 1804 408 in
1829 373 1966 409 furibus

310 446 537 481 devovendis
576 446 810 492 pertinacius,
852 446 985 480 nullum
1019 446 1066 480 ab
1102 445 1229 480 iisdem
1264 445 1383 492 magis
1418 445 1481 480 suit
1507 453 1681 480 vexatum
1709 458 1752 481 ac
1778 446 1855 481 libri
1882 446 1966 482 inde

309 518 444 565 ubique
470 531 598 554 versus
626 518 779 565 dispersi
807 531 915 565 quam
942 517 1172 554 Miciacense.
1202 517 1415 564 Coeperunt
1440 518 1590 564 rapinae
1617 518 1710 554 inter
1731 519 1828 554 bella
1851 519 1967 555 civilia

310 604 338 626 c.
367 603 397 626 a.
430 593 533 636 1560,
561 591 723 626 nimirum
751 599 919 638 tempore
947 591 1080 626 eodem
1108 590 1200 632 fere,
1230 603 1302 637 quo
1330 590 1572 626 Floriacensis
1598 591 1822 627 bibliotheca
1847 605 1966 638 paene

309 672 388 699 tota
410 664 506 700 facta
529 672 584 700 est
606 664 703 700 Petri
725 664 896 699 Danielis.
919 665 1012 699 Tum
1035 663 1149 699 sancti
1172 663 1354 698 Maximini
1378 663 1532 699 armaria
1555 663 1670 710 copiis
1693 671 1775 699 sunt
1797 664 1964 706 viduata;

308 750 426 773 vacua
460 745 560 773 certe
579 746 697 772 ⁴erant
732 745 816 773 ante
852 749 881 772 a.
919 740 1019 772 1600.
1046 737 1144 772 Libri
1169 745 1291 772 autern
1318 737 1388 772 iam
1415 737 1553 772 catenis
1581 737 1689 772 soluti
1715 744 1826 784 atque
1853 738 1966 773 habiti

308 811 464 846 vilissimi
504 818 566 845 aut
604 811 772 857 peribant
811 818 874 845 aut
908 811 1135 856 prostabant.
1171 810 1289 845 Nobis
1326 823 1475 857 quoque
1510 818 1585 845 turn
1617 809 1768 845 fuissent
1794 811 1964 857 surrepti‚

308 883 371 918 nisi
398 883 462 918 viri
488 883 633 930 quidam
662 883 761 919 docti
787 883 1073 930 investigassent
1101 892 1151 925 et,
1176 883 1269 919 sicut
1292 884 1546 919 demonstrare
1570 883 1740 918 videntur
1761 883 1850 918 tituli
1873 884 1966 919 erasi

309 956 353 1001 (n.
387 969 411 991 1.
439 969 469 1001 4.
497 969 527 1001 9.
561 968 610 991 12.
643 968 693 1000 13.
723 968 776 1001 24.
806 957 876 1002 28),
905 957 992 992 satis
1024 957 1202 992 audacter
1228 956 1388 1003 undique
1417 956 1705 1003 conquisiissent.
1734 956 1844 991 Anno
1874 968 1965 1002 1590

306 1031 483 1065 Iohannes
510 1029 701 1064 Brodaeus
726 1029 798 1064 iam
825 1030 988 1065 habebat
1014 1030 1236 1065 Bernensem
1265 1024 1311 1075 5o
1340 1028 1466 1076 (supra
1492 1042 1522 1064 n.
1551 1030 1604 1073 3);
1634 1030 1765 1064 Petrus
1792 1029 1965 1065 Pithoeus

307 1111 391 1138 ante
419 1115 449 1138 a.
482 1104 572 1148 1590
599 1101 688 1149 (quo
716 1115 811 1138 anno
838 1110 1001 1138 mortuus
1029 1101 1098 1149 est)
1122 1102 1261 1138 furatus
1284 1111 1340 1138 est
1362 1102 1582 1138 Vossianum
1605 1102 1663 1137 lat.
1688 1102 1730 1147 Q.
1755 1114 1799 1147 54
1824 1101 1868 1147 (n.
1890 1102 1964 1145 10),

308 1176 479 1212 Claudius
514 1176 698 1211 Puteanus
736 1174 777 1221 (ἦ-
814 1178 917 1221 1594)
946 1175 1138 1211 codicibus
1166 1189 1259 1211 nunc
1288 1175 1455 1211 Parisinis
1490 1174 1534 1221 (n.
1568 1188 1619 1221 19.
1648 1187 1704 1210 20.
1734 1176 1807 1218 21),
1836 1176 1966 1211 Petrus

307 1248 437 1284 Daniel
472 1247 514 1293 (ἦ-
554 1249 659 1292 1603)
695 1256 732 1284 et
765 1249 898 1284 Paulus
925 1248 1098 1284 Petavius
1126 1248 1168 1293 (†
1201 1249 1305 1293 1614)
1323 1249 1348 1291 ¹)
1377 1248 1568 1284 codicibus
1595 1261 1688 1283 nunc
1720 1247 1965 1283 Bernensibus

307 1324 352 1366 (n.
381 1333 410 1356 2.
438 1334 468 1366 4.
497 1333 526 1367 5.
555 1324 585 1356 ὁ.
616 1332 644 1365 7.
672 1324 706 1359 81
733 1322 919 1357 Vaticanis
947 1324 992 1364 (n.
1023 1333 1040 1356 2
1071 1350 1076 1356 .
1108 1324 1161 1356 26.
1192 1333 1245 1356 Γ.
1275 1322 1334 1365 28)
1361 1321 1671 1367 Lugdunensibus
1701 1320 1746 1367 (n.
1770 1333 1800 1366 9.
1830 1334 1880 1356 11.
1922 1333 1960 1356 12

307 1407 415 1441 quem
454 1395 501 1429 ad
537 1395 685 1429 modum
720 1395 826 1441 potiti
860 1395 943 1436 sint,
974 1395 1063 1430 latet
1090 1407 1158 1429 nec
1185 1394 1277 1429 scire
1306 1394 1442 1430 attinet.
1471 1394 1508 1429 Si
1535 1402 1657 1430 tamen
1684 1394 1780 1430 fures
1807 1394 1964 1436 fuerunt,

305 1467 412 1503 iidem
451 1467 594 1503 fuerunt
633 1476 669 1503 et
707 1468 964 1514 sospitatores,
1002 1480 1157 1514 quorum
1193 1467 1391 1502 memoriae
1426 1467 1563 1513 gratias
1599 1468 1778 1502 debemus
1813 1476 1966 1514 propter

306 1540 512 1582 malefacta,
542 1553 637 1587 quae
664 1541 769 1577 nobis
797 1542 892 1577 bene
921 1541 1122 1577 evenerint.

450 1614 485 1649 A
507 1614 617 1649 totius
640 1614 885 1650 bibliothecae
908 1614 989 1649 fatis
1012 1612 1233 1649 revertimur
1255 1613 1302 1647 ad
1321 1614 1527 1660 apographi
1542 1613 1817 1660 Hieronymiani
1833 1614 1878 1659 (n.
1899 1614 1963 1660 12).

305 1687 405 1721 Iussu
439 1687 535 1722 Petri
571 1687 715 1722 abbatis
750 1687 957 1723 confectum
998 1701 1080 1723 esse
1118 1688 1358 1736 inscriptionis
1385 1688 1594 1724 testimonio
1621 1690 1808 1735 probatur.
1835 1688 1964 1722 Petrus

305 1773 412 1795 nemo
447 1759 589 1795 dubitat
624 1760 707 1807 quin
742 1760 787 1796 sit
822 1760 864 1803 is,
897 1774 1007 1807 quem
1042 1762 1138 1797 duae
1175 1764 1323 1798 chartae
1351 1761 1550 1803 nominant,
1581 1762 1697 1797 altera
1721 1760 1802 1796 Oct.
1833 1773 1863 1795 a.
1891 1763 1962 1805 840

305 1833 492 1879 scripta‘2)‚
533 1834 647 1869 altera
687 1834 788 1880 Sept.
828 1846 858 1868 a.
898 1836 1024 1879 859³),
1066 1836 1196 1871 Petrus
1236 1837 1354 1870 abbas
1394 1834 1632 1870 Miciacensis.
1672 1834 1838 1869 Eundem
1872 1833 1964 1868 inter

305 1906 454 1941 codices
488 1906 727 1942 Miciacenses
762 1915 909 1953 praeter
943 1920 973 1942 n.
1015 1919 1070 1949 12,
1108 1909 1155 1943 de
1191 1921 1264 1955 <luo
1291 1907 1485 1954 loquimur,
1512 1907 1648 1953 pariter
1675 1914 1864 1942 auctorem
1892 1906 1959 1941 sibi

305 1978 487 2014 vindicant
514 1991 563 2024 19.
593 1990 646 2014 20.
676 1991 729 2024 25.
759 1979 874 2014 Multo
901 1980 1022 2026 plures
1050 1980 1159 2016 fuisse
1187 1989 1223 2016 et
1255 1981 1330 2016 veri
1356 1980 1468 2016 simile
1492 1988 1548 2015 est
1571 1988 1608 2015 et
1630 1992 1796 2015 asserere
1820 1979 1964 2014 videtur

305 2052 479 2087 Letaldus
526 2054 726 2088 monachus
773 2052 1015 2095 Miciacensis,
1065 2054 1124 2100 qui
1173 2055 1322 2089 saeculo
1370 2053 1515 2088 decimo
1564 2060 1722 2088 exeunte
1762 2053 1809 2088 de
1848 2052 1963 2087 sancti

305 2125 486 2160 Maximini
511 2126 689 2161 miraculis
711 2125 853 2172 scripsit
876 2134 913 2161 et
934 2126 1040 2168 haec,
1066 2139 1161 2173 quae
1186 2135 1225 2162 ut
1247 2127 1296 2162 ait
1311 2140 1357 2162 ex
1371 2126 1459 2173 ipsis
1474 2126 1570 2161 libris
1586 2126 1738 2172 sumpsit
1753 2125 1962 2160 monasterii

304 2206 460 2244 patrono
496 2211 517 2233 a
550 2199 660 2234 Petro
697 2198 844 2240 oblatis,
883 2199 984 2245 operi
1020 2212 1087 2234 suo
1124 2200 1286 2235 inseruit:
1322 2200 1457 2235 nobiles
1483 2205 1518 2234 ct
1542 2200 1746 2234 fndustrzbs
1767 2205 1897 2245 patres
1923 2200 1962 2233 in

304 2271 367 2305 lzoc
412 2272 529 2306 codem
576 2271 744 2309 fform'ssc
791 2273 864 2306 laco
911 2274 1080 2319 cognovi,
1128 2273 1353 2318 qummcm
1393 2273 1574 2313 videlicet,
1613 2272 1886 2318 Stenogamz'um
1930 2278 1964 2306 cl

305 2345 608 2385 Drmtesz'na'm72,
645 2345 858 2379 Berloldlml
894 2359 1028 2392 quoque
1063 2347 1185 2380 virum
1220 2347 1529 2385 emm'z'tl‘sm'mnm,
1569 2347 1636 2392 (μή
1668 2346 1780 2380 w'lczm
1807 2351 1960 2379 veterem

297 2418 425 2462 palris
459 2418 666 2452 ilbzxe'vu'm'
697 2418 835 2452 dicitur
869 2419 1040 2461 edidisse,
1076 2421 1226 2454 Petrum
1261 2420 1384 2460 eliam,
1421 2420 1524 2454 cuim
1553 2419 1711 2453 erudiam
1739 2424 1772 2453 cl
1796 2419 1958 2452 sludl'lcm

304 2491 475 2537 hodieque
501 2492 623 2525 claret.
651 2491 747 2525 Alme
771 2492 867 2526 inser
889 2498 1022 2527 celeres
1048 2493 1220 2527 bonorum
1242 2506 1392 2528 suornm
1407 2493 1434 2537 4)
1459 2493 1691 2526 diversarum
1715 2491 1959 2526 historiarum

425 2607 443 2638 ¹)
467 2607 539 2633 Nam
562 2612 678 2641 praeter
700 2607 826 2634 Danielis
848 2608 1039 2634 hereditatem
1062 2613 1089 2634 et
1111 2608 1174 2643 ipse
1195 2608 1282 2635 libros
1304 2609 1418 2635 videtur
1439 2608 1603 2642 singillatim
1626 2607 1786 2641 collegisse.

425 2658 444 2685 ²)
467 2658 582 2684 Baluzio
604 2664 721 2685 auctore
744 2660 788 2686 ed.
811 2659 950 2686 Martinus
972 2660 1114 2694 Bouquet,
1138 2660 1247 2686 Rerum
1270 2660 1446 2687 Gallicarum
1469 2660 1522 2686 SS.
1545 2665 1613 2686 tom.
1638 2659 1700 2686 VIII
1722 2668 1788 2693 pag.
1811 2664 1878 2693 427.

424 2711 444 2742 ³)
467 2710 488 2736 E
510 2711 682 2737 chartulario
705 2711 868 2737 Miciacensi
889 2712 916 2738 in
938 2712 1036 2738 codice
1058 2712 1189 2738 Parisino
1211 2713 1256 2738 lat.
1283 2717 1367 2747 5420,
1389 2712 1436 2738 ubi
1455 2712 1584 2746 pessime
1603 2711 1699 2738 habita
1717 2716 1813 2737 exstat
1832 2710 1878 2736 sol.
1900 2708 1958 2744 58⁸)

306 2762 457 2796 descripsit
475 2762 542 2788 mihi
562 2761 596 2788 H.
618 2762 762 2797 Lebcgue.
783 2763 892 2789 Sufficit
911 2772 1017 2789 annum
1037 2764 1203 2798 repetiisse:
1227 2764 1334 2790 Datum
1352 2763 1393 2790 Id.
1407 2764 1544 2797 Septvml),
1558 2764 1653 2789 indict.
1674 2762 1814 2788 Vllanno
1826 2763 1959 2788 vicesimo

306 2817 443 2847 regnante
463 2813 564 2839 Carolo
579 2815 793 2849 gloriosissimo
812 2824 895 2849 riges
913 2819 1005 2841 aslum
1025 2816 1192 2841 Aurelianis
1211 2817 1239 2841 1'11
1256 2816 1371 2849 publica
1390 2817 1471 2841 caria
1491 2817 1519 2841 1'11
1539 2816 1584 2841 dez·
1601 2816 1716 2841 nomme
1718 2815 1852 2850 feliciter.
1865 2822 1957 2840 amen.

426 2866 444 2895 ³)
467 2866 576 2892 Excidit
589 2868 710 2902 fructus
732 2867 778 2892 vel
801 2867 856 2892 tale
879 2867 954 2901 quid.
