2410 3257
303 261 368 283 VIII

109 443 350 490 Epistularum

110 589 286 624 adversus
312 588 533 623 Iovinianum

110 808 157 843 de
227 807 310 843 viris
381 806 574 841 illustribus

158 893 240 916 cum
315 879 572 916 additamentis

160 953 340 989 Gennadii

112 1250 145 1285 in
171 1250 419 1286 Ecclesiasten

113 1396 146 1431 in
172 1396 360 1432 Ieremiam

116 1544 148 1578 in
176 1543 404 1579 Ezechielem

113 1689 374 1725 Chronicorum

110 1984 374 2030 Prophetarum

108 2203 209 2237 Euan
213 2203 310 2249 gelio
316 2216 393 2238 rum

606 357 820 404 Hieronymi

1016 242 1238 283 PRAEFATIO·

895 357 1043 392 codices
1120 357 1319 393 uncialibus

724 443 989 489 Neapolitanus
1016 443 1063 477 VI
1089 443 1124 477 D
1154 455 1198 487 59

724 588 947 625 Veronensis
974 588 1072 623 XVII
1099 587 1171 633 (15)

724 805 922 841 Vaticanus
949 806 1101 853 reginae
1128 807 1186 841 lat.
1217 818 1306 850 2077
1327 806 1354 850 ¹2)

724 1250 1024 1297 Herbipolitanus
1050 1251 1124 1298 Mp.
1152 1251 1260 1286 theol.
1289 1250 1331 1296 Q.
1360 1263 1377 1285 2

724 1397 808 1432 folia
856 1409 996 1441 21—27
1037 1398 1070 1433 in
1110 1397 1241 1433 codice
1281 1397 1450 1432 Aurelia-

773 1470 873 1505 nensi
907 1474 971 1516 169

724 1543 967 1590 fragmentum
995 1545 1241 1592 Gottingense
1268 1546 1301 1581 in
1321 1547 1451 1582 codice

774 1618 890 1653 Morb.
923 1630 961 1662 13
978 1619 1005 1661 3)

723 1690 822 1732 folia,
863 1692 909 1726 de
950 1691 1080 1738 quibus
1120 1692 1277 1739 agimus,
1309 1693 1451 1728 Floria-

771 1764 894 1800 censia

721 1838 941 1873 Bodleianus
969 1838 1076 1874 Auct.
1105 1840 1135 1874 T
1163 1851 1193 1881 2,
1224 1842 1278 1881 26,
1303 1841 1350 1876 de
1374 1853 1447 1887 quo

771 1924 856 1946 mox
883 1911 1023 1947 dicetur

720 1983 804 2019 folia
818 1985 994 2031 rescripta
1009 1985 1041 2020 in
1053 1985 1300 2021 Vaticanolat.
1313 1989 1401 2030 3281
1418 1987 1446 2032 ⁴)

720 2203 935 2238 Harleianus
967 2215 1052 2247 1775

1395 358 1534 404 scripti:
1582 364 1588 398 )

1584 444 1625 479 cf.
1640 445 1862 481 Monument.
1876 446 2064 493 palaeogr.
2079 459 2169 482 sacr.
2184 447 2257 481 tab.
2272 447 2328 481 VI.

1585 590 1626 626 cf.
1649 591 1786 634 Maffei,
1809 592 1937 627 Istoria
1958 593 2147 640 teologica
2169 594 2242 628 tab.
2260 593 2273 628 I
2292 605 2331 636 3;

1634 664 1836 707 Chatelain,

1633 739 1706 773 tab.
1733 739 1829 773 XXI.

1585 811 1626 846 cf.
1661 811 1906 858 Hieronymus
1941 812 2014 847 und
2041 812 2253 848 Gennadius
2281 814 2327 849 de

1907 665 2066 701 Uncialis
2132 666 2332 713 scripturae

1632 885 1715 920 viris
1734 885 1891 921 illustrib.
1908 886 2179 933 herausgegeb.
2196 900 2226 922 V.
2242 887 2334 923 Ber-

1633 958 1741 994 noulli
1763 959 1835 994 tab.
1858 959 1871 993 Ι
1892 971 1961 1005 sq.;
1976 966 2172 1006 praeterea
2185 960 2333 1007 Zange-

1633 1032 1781 1068 meister
1814 1040 1851 1068 et
1880 1033 2142 1075 wattenbach,
2171 1034 2334 1081 Exempl.

1633 1108 1706 1141 tab.
1724 1106 1782 1148 IV,
1798 1113 1835 1142 et
1848 1106 2047 1148 Chatelain,
2062 1107 2334 1154 Paleographie

1634 1180 1700 1215 des
1727 1180 1830 1215 class.
1852 1180 1910 1214 lat.
1938 1181 2010 1215 tab.
2037 1180 2184 1215 XXXII.

1585 1253 1626 1289 cf.
1667 1253 1838 1295 Chroust‚
1882 1253 2104 1288 Monument.
2144 1254 2333 1301 palaeogr.

1634 1325 1718 1362 fasc.
1745 1327 1779 1361 V
1804 1327 1904 1361 tabb.
1934 1338 1950 1360 2
1981 1334 2018 1361 et
2044 1338 2075 1370 3.

1585 1399 1626 1435 cf.
1679 1399 1882 1441 Chatelain,
1930 1399 2089 1435 Uncialis
2135 1399 2335 1446 scripturae

1634 1474 1706 1508 tab.
1733 1473 1878 1508 XXVII.

1583 1993 1624 2028 cs.
1648 1993 1870 2039 Fragmenta
1892 1992 2025 2028 veteris
2048 1991 2256 2027 testamenti
2276 1992 2332 2027 ed.

1631 2066 1866 2107 Gustafsson,
1902 2065 2132 2112 Helsingfors
2166 2077 2195 2100 a.
2229 2067 2329 2107 1881,

1630 2141 1704 2175 tab.
1731 2139 1821 2174 unic.

1581 2213 1622 2247 cf.
1678 2211 2005 2258 Palaeographical
2056 2211 2207 2258 Society
2259 2212 2332 2246 tab.

1629 2286 1744 2324 XVIR
1793 2285 1949 2320 Ancient
1990 2284 2232 2330 Manuscripts
2271 2284 2330 2319 lat.

1629 2360 1701 2394 tab.
1741 2359 1797 2397 ΙΙΙ;
1838 2358 2012 2404 Kenyon,
2049 2357 2257 2393 Facsimiles
2293 2357 2336 2393 of

1628 2432 1776 2467 Biblical
1803 2430 2044 2477 Manuscripts
2071 2431 2143 2465 tab.
2171 2431 2229 2465 IX.

226 2593 246 2621 ¹)
268 2592 375 2627 Longis
407 2594 539 2620 versibus
568 2603 670 2621 omnes
698 2599 814 2629 praeter
841 2594 1048 2621 Chronicoruin
1071 2596 1185 2622 codices
1206 2600 1234 2622 et
1255 2595 1390 2622 Virorum
1411 2595 1558 2621 illustrium
1581 2593 1771 2619 Vaticanum.

224 2644 243 2675 ²)
267 2645 315 2671 Est
337 2646 442 2673 saeculi
463 2647 537 2673 sexti
559 2647 702 2680 exeuntis,
726 2647 760 2673 cf.
783 2646 945 2673 Mommsen
968 2648 1004 2674 ad
1027 2648 1160 2674 Chronic.
1185 2648 1253 2674 min⁴
1281 2648 1290 2674 1
1313 2653 1378 2682 740.

225 2696 244 2727 ³)
269 2697 298 2722 In
327 2697 431 2731 Gallia,
455 2698 566 2733 opinor,
595 2699 732 2733 scriptum
769 2707 845 2725 saec.
875 2699 912 2725 VI
935 2705 1067 2726 exeunte.
1091 2700 1214 2726 Innotuit
1230 2700 1298 2726 mihi
1316 2700 1509 2734 fragmentum
1531 2708 1546 2725 e
1564 2699 1695 2731 catalogo
1713 2696 1845 2723 Guileluii
1862 2695 1964 2729 Meyer
1981 2695 2143 2729 Spirensis,
2167 2694 2216 2729 qui
2237 2695 2314 2721 idem

105 2747 277 2774 amicissime
301 2749 374 2776 misit
395 2751 629 2784 photographon.

224 2800 244 2831 ⁶¹]
267 2800 308 2826 Cf.
339 2802 368 2827 P.
399 2801 538 2834 Corssen,
567 2802 681 2829 Bericht
711 2803 782 2829 uber
802 2802 848 2829 die
869 2803 916 2829 lat.
939 2803 1252 2838 Bibelubersetzungen
1275 2812 1344 2838 pag.
1369 2808 1420 2838 73;
1445 2803 1608 2837 Oesterley‚
1626 2801 1743 2828 Studies
1761 2800 1789 2826 in
1807 2800 1855 2826 the
1873 2799 1971 2826 Greek
1989 2799 2045 2825 and
2066 2798 2149 2824 Latin
2171 2798 2314 2824 Versions

105 2852 138 2878 of
154 2852 202 2878 the
225 2852 305 2878 Book
329 2853 362 2879 of
379 2854 484 2886 Amos,
508 2854 645 2880 Cantabr.
668 2863 693 2881 ar
721 2859 802 2889 1902.
