2461 3304
1114 249 1335 274 1Ἰ(Λ1·’.Ι·’Λ“Ι“ιυ.
1975 259 2037 281 ΧΙΧ

394 341 508 377 libros
546 342 631 377 ltm'c
666 344 740 377 lasa
775 346 942 382 comula.
978 351 1012 379 cl
1039 348 1197 392 propria
1231 348 1354 383 labam·
1380 358 1552 385 ‹·0r1·‹‘‹la.x
1583 359 1616 386 cl
1641 354 1824 388 ιίιλίίηκίιω
1856 357 1912 389 dn·
1939 370 2041 391 (ιἠιιι·

394 415 549 458 Amnius,
577 421 617 450 ut
642 417 719 462 ipsi
741 417 834 451 libre·
857 423 1050 458 (ruamur,
1079 425 1190 465 super
1213 422 1332 455 allam
1354 423 1391 456 S.
1416 424 1597 467 §ysplmm'
1610 429 1898 472 protomar(rrss
1907 431 2039 474 jwsml

395 488 452 522 De
477 488 536 523 lu's
561 501 662 534 crg‘o..
689 490 774 535 almi!
802 490 972 526 diss-rem
1001 498 1203 538 lcmswrum
1231 507 1299 529 mm
1323 496 1449 535 θήκη-ί,
1476 497 1567 531 salis
1594 498 1728 533 dsclnm
1747 502 1780 540 1).

540 561 683 608 Duplici
718 562 844 597 Petrus
879 563 910 598 in
939 565 1189 600 describendis
1217 566 1312 601 libris
1340 581 1486 603 munere
1515 569 1743 615 fungebatur.
1772 573 1888 608 l'rimo
1918 584 2042 610 vvtczra

393 634 615 680 exemplaria
638 643 675 670 et
697 635 912 672 conserebat
935 650 1016 673 cum
1040 638 1116 673 aliis
1138 638 1327 674 codicibus
1351 649 1386 675 ct
1409 641 1618 686 corrigebat
1641 653 1676 679 et
1700 644 1983 691 mmmmm-liat
1998 650 2041 690 “·’);

391 705 524 741 deinde
558 708 711 743 curabat
745 716 782 744 et
808 711 1106 756 recognoscebat
1132 712 1358 758 apographa.
1387 713 1489 749 llaec
1517 728 1556 750 se
1585 715 1713 751 secisse
1740 717 1841 753 sicuti
1870 721 1924 754 viel
1953 721 2041 754 sub-

392 787 520 816 notare
554 781 612 816 vel
647 781 801 828 praefari
837 783 945 825 solet,
981 783 1029 819 ita
1061 784 1137 819 eius
1164 793 1278 820 artem
1306 798 1419 833 saepe
1446 786 1478 822 in
1507 787 1592 834 ipsis
1619 789 1806 825 codicibus
1833 792 2041 838 ‹lepti-hen-

393 852 524 895 dimus,
549 853 626 890 sive
649 855 880 891 describendi
904 857 1040 892 codicis
1064 857 1147 893 solia
1173 858 1355 905 supplevit
1377 867 1414 894 et
1440 860 1662 905 marginibus·
1686 863 1820 898 variam
1847 864 2038 900 lectionem

396 925 589 973 adscripsit
615 927 709 963 notis
737 928 913 964 interdum
937 929 1137 965 Tironianis
1160 943 1245 966 usus
1268 933 1313 974 (n.
1343 943 1392 967 12.
1422 938 1487 977 19),
1511 933 1587 968 sive
1611 935 1743 970 menda
1766 937 1920 978 sustulit,
1944 951 2038 984 quae

391 997 515 1033 denuo
553 1000 797 1046 obrepserunt
832 1002 1002 1048 exemplo
1038 1003 1224 1050 descripto
1259 1006 1304 1047 (n.
1345 1017 1394 1049 ¹9·
1429 1009 1497 1050 25).
1534 1006 1701 1042 Librariis
1737 1010 1907 1044 utebatur
1936 1024 2039 1046 ‹torn-

393 1070 569 1117 pluribus,
606 1079 645 1107 ut
671 1072 703 1107 in
731 1073 920 1109 codicibus
947 1087 977 1110 n.
1011 1086 1060 1110 12.
1093 1088 1144 1120 19.
1173 1087 1226 1111 20.
1256 1088 1297 1122 25
1326 1090 1371 1113 ne
1398 1090 1469 1113 una
1495 1078 1640 1125 quidem
1668 1093 1794 1115 manus
1821 1082 1900 1128 plus
1927 1084 2037 1118 semel

392 1156 586 1180 occurrere
612 1145 788 1181 videatur.
816 1147 941 1183 Helias
963 1150 1177 1190 monachus,
1202 1149 1260 1196 qui
1285 1150 1394 1186 Petro
1417 1160 1572 1197 rogante
1595 1153 1760 1189 codicem
1784 1167 1814 1189 n.
1844 1166 1880 1190 12
1906 1155 1983 1202 ipse
1998 1170 2037 1192 se

389 1216 578 1263 scripsisse
610 1225 774 1261 testatur,
811 1227 848 1255 et
883 1220 975 1266 ipse,
1011 1221 1039 1256 si
1066 1221 1280 1268 accipienda
1306 1230 1362 1258 est
1388 1223 1597 1260 coniectura
1623 1226 1763 1261 Aemilii
1792 1228 1977 1264 Chatelain
1992 1229 2036 1272 ³),

391 1290 506 1326 veteri
541 1291 645 1327 alicui
680 1292 798 1327 codici
832 1293 1066 1336 Floriacensi‚
1103 1294 1162 1341 qui
1198 1308 1291 1331 nunc
1325 1296 1594 1333 Aurelianensis
1634 1302 1674 1333 ιζ)
1708 1307 1778 1341 est,
1811 1300 1842 1335 in
1875 1302 2037 1348 margine

389 1375 522 1399 nomen
557 1376 660 1399 suum
696 1364 746 1400 sic
778 1366 966 1412 apposuit:
1001 1367 1208 1406 llel<ias>
1247 1369 1441 1404 monachus
1471 1370 1636 1411 (alterum
1665 1373 1814 1408 verbum
1842 1373 2036 1410 Tironiano

385 1436 499 1471 modo
525 1437 687 1481 notans),
716 1445 790 1473 tum
816 1438 987 1481 fortasse,
1016 1452 1097 1475 cum
1124 1449 1288 1477 veterem
1315 1441 1442 1477 librum
1469 1443 1713 1480 describendo
1736 1445 1899 1482 iterabat.
1923 1447 2035 1483 Paulo

387 1508 570 1545 recentior
603 1517 659 1545 est
695 1510 923 1558 Augustinus
957 1514 1162 1560 presbyter,
1199 1514 1258 1561 qui
1293 1515 1459 1551 codicem
1493 1529 1524 1551 n.
1552 1528 1570 1560 3
1608 1517 1736 1552 dubito
1768 1530 1812 1553 an
1840 1519 2034 1555 Maximino

383 1594 456 1617 non
488 1582 606 1618 solum
642 1583 829 1626 obtulerit,
861 1584 1040 1631 sed·ipse
1073 1586 1181 1621 etiarn
1209 1586 1400 1634 scripserit.
1438 1589 1671 1631 Bertholdus‚
1705 1590 1799 1625 Petri
1835 1600 1871 1626 et
1907 1592 2035 1628 Heliae

389 1655 566 1702 aequalis,
608 1656 668 1703 qui
705 1657 816 1693 Ionae
854 1657 1033 1705 episcopo
1075 1659 1341 1702 Aurelianensi,
1382 1661 1495 1696 sancti
1539 1661 1721 1697 Maximini
1761 1663 1869 1699 vitam
1911 1666 1958 1699 ab
1996 1678 2036 1702 se

381 1728 553 1775 scriptam
587 1729 722 1765 dicavit
752 1738 789 1766 et
815 1743 942 1767 versus
968 1732 1168 1778 praemisit,
1197 1732 1288 1768 inter
1314 1733 1420 1768 nobis
1447 1742 1555 1770 notos
1581 1734 1744 1770 librarios
1771 1748 1842 1771 non
1870 1738 2034 1773 occurrit.

382 1800 520 1837 Contra
537 1802 682 1838 nomine
701 1812 802 1839 caret
820 1825 865 1828 —
884 1817 966 1839 narn
982 1805 1246 1840 XVarmundum
1265 1806 1498 1842 sacerdotem
1518 1820 1600 1843 eum
1623 1807 1731 1844 fuisse
1751 1822 1821 1845 non
1841 1811 2032 1857 probabile

379 1882 436 1910 est
472 1895 520 1899 —-
559 1875 619 1922 qui
658 1876 754 1912 Petri
792 1884 916 1913 aetate
955 1877 1121 1913 codicem
1166 1890 1201 1913 11
1245 1879 1396 1914 contulit
1435 1892 1516 1915 curn
1554 1880 1683 1916 codice
1723 1883 1884 1928 quodam
1923 1896 2029 1930 quem

378 1948 589 1984 nominabat
623 1951 813 1996 antiquum
827 1951 865 1994 ⁴).
900 1951 994 1986 Nam
1029 1963 1110 1986 cum
1146 1959 1274 1986 vetera
1309 1952 1477 1998 exempla
1511 1965 1582 1987 non
1605 1965 1800 2000 numquam
1823 1968 1903 1991 cum
1927 1957 2029 1992 novis

378 2030 594 2069 comparata
627 2035 710 2058 esse
745 2023 911 2059 videmus
946 2026 1000 2067 (ut
1034 2036 1145 2070 supra
1175 2023 1380 2071 fragmenta
1414 2025 1687 2067 Floriacensia),
1716 2034 1789 2062 tum
1817 2040 1924 2063 versa
1949 2029 2028 2065 vice

376 2095 489 2130 multo
520 2095 667 2142 saepius
698 2108 796 2131 nova
827 2109 908 2132 curn
935 2097 1136 2139 veteribus,
1165 2097 1193 2132 si
1220 2109 1315 2144 quae
1343 2098 1560 2133 emendandi
1589 2099 1737 2135 occasio
1765 2108 1894 2147 aperta
1919 2110 2026 2137 esset.

523 2168 782 2204 Chronicorum
814 2177 976 2205 veterem
1011 2170 1178 2206 codicem
1211 2171 1495 2213 Floriacensem‚
1532 2171 1560 2207 si
1595 2172 1740 2219 quidem
1776 2173 1824 2209 ita
1855 2175 2025 2211 credibile

375 2239 414 2275 fit
447 2241 595 2276 Petrum
630 2243 805 2278 abbatem
839 2242 1095 2279 Miciacensem
1128 2243 1160 2279 ei
1194 2243 1358 2279 lectionis
1393 2244 1672 2291 discrepantiam
1705 2246 1941 2293 adscripsisse
1968 2248 2025 2283 vel

496 2363 515 2395 ¹)
537 2363 612 2390 Acta
634 2363 807 2391 Sanctorum
828 2364 900 2391 Ord.
919 2364 949 2391 S.
969 2365 1116 2392 Benedicti
1134 2366 1179 2392 ed.
1200 2365 1304 2393 Venet.
1323 2366 1332 2393 1
1351 2365 1422 2401 580;
1436 2367 1542 2394 Patrol.
1555 2367 1602 2394 lat.
1615 2368 1661 2394 ed.
1674 2367 1770 2402 Migne
1781 2368 1944 2396 cxxxvii
1956 2374 2021 2405 797.

374 2414 476 2441 Attulit
496 2415 571 2442 hunc
591 2416 685 2442 locum
705 2415 871 2443 Germanus
893 2416 993 2443 Morin.

494 2466 515 2500 2)
537 2467 600 2494 Hoc
622 2468 778 2502 significat:
796 2470 915 2503 proprio
935 2469 1030 2496 labore
1047 2470 1175 2503 providit
1190 2473 1216 2496 et
1231 2470 1361 2497 distinxit
1376 2471 1403 2497 in
1423 2471 1522 2498 codice
1540 2481 1566 2498 n.
1588 2478 1633 2507 25,
1654 2473 1770 2499 relectus
1786 2481 1804 2498 α
1825 2472 1908 2499 Petro
1924 2473 2021 2499 abbate

373 2518 400 2545 in
424 2519 487 2546 cod.
510 2527 537 2546 n.
563 2525 607 2555 19,
628 2520 717 2546 libros
733 2522 852 2554 proprio
872 2521 968 2547 labore
988 2525 1128 2548 correctos
1148 2526 1173 2548 et
1193 2523 1339 2549 distinctos
1359 2524 1436 2557 apud
1459 2523 1618 2552 Letaldum.

492 2571 514 2605 ³)
536 2571 584 2598 Ad
606 2571 772 2606 Scripturae
794 2572 912 2599 uncialis
934 2573 991 2599 tab.
1014 2573 1141 2600 XXXIV
1162 2576 1211 2607 (=
1222 2583 1289 2609 pag.
1309 2572 1374 2609 63);
1398 2574 1501 2602 Revue
1523 2576 1559 2602 de
1581 2576 1735 2611 philologie
1756 2576 1853 2603 XXVI
1877 2581 1921 2611 33.

492 2623 513 2656 δ)
534 2622 616 2650 Solet
645 2624 744 2650 variae
771 2624 799 2650 in
828 2624 1004 2658 marginibus
1032 2625 1145 2652 lectioni
1173 2629 1258 2659 vetus,
1288 2629 1421 2659 vetustus,
1451 2628 1502 2653 sed
1528 2628 1613 2654 etiam
1636 2629 1784 2662 antiquus.
1807 2628 1833 2654 in
1856 2628 1932 2654 libris
1952 2629 2017 2654 aevi

372 2673 497 2701 Carolini
525 2683 588 2701 cum
620 2675 694 2701 sexti
721 2676 828 2702 saeculi
857 2676 966 2703 collatis
993 2677 1138 2711 praemitti
1166 2682 1252 2712 atque
1280 2678 1380 2705 litteris
1408 2679 1545 2713 perscribi
1554 2689 1561 2713 ;
1589 2681 1737 2714 antiquum
1765 2686 1833 2706 nota
1861 2680 2016 2706 Tironiana

371 2725 574 2760 significatum,
600 2727 677 2761 quod
698 2726 726 2753 in
748 2726 848 2753 Solino
868 2727 1031 2755 Miciacensi
1054 2729 1172 2756 feliciter
1192 2730 1397 2764 interpretatus
1421 2735 1465 2757 est
1486 2731 1626 2758 Aemilius
1647 2731 1811 2765 Chatelain,
1834 2732 1860 2758 in
1882 2731 2015 2758 Sallustio

371 2777 495 2804 fortasse
516 2777 691 2804 Floriacensi
710 2780 796 2812 (nunc
817 2779 947 2806 Parisino
968 2781 1016 2808 lat.
1042 2779 1146 2816 16024)
1167 2786 1195 2808 et
1215 2782 1242 2808 in
1264 2781 1411 2816 Cypriano
1432 2782 1674 2810 Laureshamensi
1695 2786 1780 2815 (nunc
1798 2783 2014 2810 vindobonensi

369 2828 439 2866 962)
459 2832 535 2858 male
555 2831 609 2858 viri
629 2831 705 2858 docti
726 2833 879 2859 voluerunt
899 2841 966 2860 esse
987 2833 1168 2871 διορθωτέον
1189 2836 1236 2862 vel
1257 2837 1332 2863 adeo
1354 2835 1557 2872 διορθωτικόν.
